{
  "2025-03-31": {
    "income_statement": {
      "total_revenue": 783134000.0,
      "net_interest_income": null,
      "net_income": 2804000.0,
      "gross_profit": 512116000.0,
      "operating_income": -8393000.0,
      "ebitda": null,
      "research_development": null,
      "selling_general_admin": 134303000.0,
      "interest_expense": 107631000.0,
      "income_before_tax": 5345000.0
    },
    "balance_sheet": {
      "total_assets": 10436187000.0,
      "total_current_assets": 9080752000.0,
      "total_debt": 7358282000.0,
      "short_term_debt": null,
      "long_term_debt": 7322642000.0,
      "total_current_liabilities": 143928000.0,
      "stockholders_equity": 2874916000.0,
      "retained_earnings": -3126062000.0,
      "cash_and_equivalents": 1351148000.0,
      "inventory": null,
      "accounts_receivable": 220279000.0
    },
    "cash_flow": {
      "operating_cash_flow": 210388000.0,
      "capital_expenditure": 53012000.0,
      "free_cash_flow": 263400000.0,
      "financing_cash_flow": -245555000.0,
      "investing_cash_flow": 35517000.0,
      "dividends_paid": null,
      "change_in_cash": null
    }
  },
  "2024-12-31": {
    "income_statement": {
      "total_revenue": 866381000.0,
      "net_interest_income": null,
      "net_income": 80360000.0,
      "gross_profit": 602208000.0,
      "operating_income": -4322000.0,
      "ebitda": 245515000.0,
      "research_development": null,
      "selling_general_admin": 139412000.0,
      "interest_expense": 107762000.0,
      "income_before_tax": 82859000.0
    },
    "balance_sheet": {
      "total_assets": 10481077000.0,
      "total_current_assets": 2070691000.0,
      "total_debt": 7496019000.0,
      "short_term_debt": null,
      "long_term_debt": 7463986000.0,
      "total_current_liabilities": 150183000.0,
      "stockholders_equity": 2785540000.0,
      "retained_earnings": -3128866000.0,
      "cash_and_equivalents": 1200381000.0,
      "inventory": -593376000.0,
      "accounts_receivable": 203626000.0
    },
    "cash_flow": {
      "operating_cash_flow": 312017000.0,
      "capital_expenditure": 43905000.0,
      "free_cash_flow": 355922000.0,
      "financing_cash_flow": 144096000.0,
      "investing_cash_flow": -89068000.0,
      "dividends_paid": null,
      "change_in_cash": null
    }
  },
  "2024-09-30": {
    "income_statement": {
      "total_revenue": 698479000.0,
      "net_interest_income": null,
      "net_income": -100222000.0,
      "gross_profit": 469043000.0,
      "operating_income": -132623000.0,
      "ebitda": -71902000.0,
      "research_development": 134290000.0,
      "selling_general_admin": 138482000.0,
      "interest_expense": 104145000.0,
      "income_before_tax": -98320000.0
    },
    "balance_sheet": {
      "total_assets": 10139159000.0,
      "total_current_assets": 2428239000.0,
      "total_debt": 7119908000.0,
      "short_term_debt": null,
      "long_term_debt": 7084078000.0,
      "total_current_liabilities": 136067000.0,
      "stockholders_equity": 2835572000.0,
      "retained_earnings": -3209226000.0,
      "cash_and_equivalents": 1046160000.0,
      "inventory": null,
      "accounts_receivable": 308394000.0
    },
    "cash_flow": {
      "operating_cash_flow": 196867000.0,
      "capital_expenditure": 44152000.0,
      "free_cash_flow": 241019000.0,
      "financing_cash_flow": 465625000.0,
      "investing_cash_flow": -574999000.0,
      "dividends_paid": null,
      "change_in_cash": null
    }
  },
  "2024-06-30": {
    "income_statement": {
      "total_revenue": 659185000.0,
      "net_interest_income": null,
      "net_income": -45136000.0,
      "gross_profit": 570019000.0,
      "operating_income": 69396000.0,
      "ebitda": 130559000.0,
      "research_development": 124231000.0,
      "selling_general_admin": 123459000.0,
      "interest_expense": 95256000.0,
      "income_before_tax": -44139000.0
    },
    "balance_sheet": {
      "total_assets": 9519619000.0,
      "total_current_assets": 2514229000.0,
      "total_debt": 6454705000.0,
      "short_term_debt": null,
      "long_term_debt": 6574855000.0,
      "total_current_liabilities": 518945000.0,
      "stockholders_equity": 2731989000.0,
      "retained_earnings": -3109004000.0,
      "cash_and_equivalents": 1295399000.0,
      "inventory": -300592000.0,
      "accounts_receivable": 353064000.0
    },
    "cash_flow": {
      "operating_cash_flow": 68763000.0,
      "capital_expenditure": 38256000.0,
      "free_cash_flow": 107019000.0,
      "financing_cash_flow": 145969000.0,
      "investing_cash_flow": -537633000.0,
      "dividends_paid": null,
      "change_in_cash": null
    }
  },
  "2024-03-31": {
    "income_statement": {
      "total_revenue": 576157000.0,
      "net_interest_income": null,
      "net_income": -133936000.0,
      "gross_profit": 487948000.0,
      "operating_income": -20994000.0,
      "ebitda": -5485000.0,
      "research_development": 124828000.0,
      "selling_general_admin": 128721000.0,
      "interest_expense": 90449000.0,
      "income_before_tax": -133046000.0
    },
    "balance_sheet": {
      "total_assets": 9201426000.0,
      "total_current_assets": 2460591000.0,
      "total_debt": 6283106000.0,
      "short_term_debt": null,
      "long_term_debt": 6369764000.0,
      "total_current_liabilities": 169221000.0,
      "stockholders_equity": 2623460000.0,
      "retained_earnings": -3063868000.0,
      "cash_and_equivalents": 1619691000.0,
      "inventory": -418124000.0,
      "accounts_receivable": 293515000.0
    },
    "cash_flow": {
      "operating_cash_flow": 208152000.0,
      "capital_expenditure": 46476000.0,
      "free_cash_flow": 254628000.0,
      "financing_cash_flow": 112029000.0,
      "investing_cash_flow": -146755000.0,
      "dividends_paid": null,
      "change_in_cash": null
    }
  },
  "2023-12-31": {
    "income_statement": {
      "total_revenue": 591110000.0,
      "net_interest_income": null,
      "net_income": -166902000.0,
      "gross_profit": 381074000.0,
      "operating_income": -172151000.0,
      "ebitda": -56473000.0,
      "research_development": 119833000.0,
      "selling_general_admin": 132777000.0,
      "interest_expense": 84617000.0,
      "income_before_tax": -167602000.0
    },
    "balance_sheet": {
      "total_assets": 9064989000.0,
      "total_current_assets": 7749201000.0,
      "total_debt": 6243372000.0,
      "short_term_debt": null,
      "long_term_debt": 6197847000.0,
      "total_current_liabilities": 158695000.0,
      "stockholders_equity": 2634884000.0,
      "retained_earnings": -2929932000.0,
      "cash_and_equivalents": 1036719000.0,
      "inventory": -29000.0,
      "accounts_receivable": 5283894000.0
    },
    "cash_flow": {
      "operating_cash_flow": 74321000.0,
      "capital_expenditure": 38747000.0,
      "free_cash_flow": 113068000.0,
      "financing_cash_flow": 506345000.0,
      "investing_cash_flow": -624902000.0,
      "dividends_paid": null,
      "change_in_cash": null
    }
  },
  "2023-09-30": {
    "income_statement": {
      "total_revenue": 496547000.0,
      "net_interest_income": null,
      "net_income": -171783000.0,
      "gross_profit": 287911000.0,
      "operating_income": -209447000.0,
      "ebitda": -56678000.0,
      "research_development": 132965000.0,
      "selling_general_admin": 140334000.0,
      "interest_expense": 73931000.0,
      "income_before_tax": -170740000.0
    },
    "balance_sheet": {
      "total_assets": 8407149000.0,
      "total_current_assets": 7118907000.0,
      "total_debt": 5682158000.0,
      "short_term_debt": null,
      "long_term_debt": 5633087000.0,
      "total_current_liabilities": 130508000.0,
      "stockholders_equity": 2566800000.0,
      "retained_earnings": -2763030000.0,
      "cash_and_equivalents": 1079261000.0,
      "inventory": 1.0,
      "accounts_receivable": 4553588000.0
    },
    "cash_flow": {
      "operating_cash_flow": 98902000.0,
      "capital_expenditure": 35817000.0,
      "free_cash_flow": 134719000.0,
      "financing_cash_flow": 148806000.0,
      "investing_cash_flow": -15859000.0,
      "dividends_paid": 32904000.0,
      "change_in_cash": null
    }
  },
  "2023-06-30": {
    "income_statement": {
      "total_revenue": 445825000.0,
      "net_interest_income": null,
      "net_income": -205962000.0,
      "gross_profit": 222260000.0,
      "operating_income": -243828000.0,
      "ebitda": -100991000.0,
      "research_development": 152318000.0,
      "selling_general_admin": 127521000.0,
      "interest_expense": 63008000.0,
      "income_before_tax": -207278000.0
    },
    "balance_sheet": {
      "total_assets": 8155615000.0,
      "total_current_assets": 6867815000.0,
      "total_debt": 5451006000.0,
      "short_term_debt": null,
      "long_term_debt": 3579785000.0,
      "total_current_liabilities": 146071000.0,
      "stockholders_equity": 2534183000.0,
      "retained_earnings": -2591247000.0,
      "cash_and_equivalents": 892027000.0,
      "inventory": 1.0,
      "accounts_receivable": 199161000.0
    },
    "cash_flow": {
      "operating_cash_flow": 43789000.0,
      "capital_expenditure": 24858000.0,
      "free_cash_flow": 68647000.0,
      "financing_cash_flow": 609549000.0,
      "investing_cash_flow": -777174000.0,
      "dividends_paid": 904000.0,
      "change_in_cash": -123836000.0
    }
  },
  "2023-03-31": {
    "income_statement": {
      "total_revenue": 380978000.0,
      "net_interest_income": null,
      "net_income": -205677000.0,
      "gross_profit": 153957000.0,
      "operating_income": -258847000.0,
      "ebitda": -107856000.0,
      "research_development": 161792000.0,
      "selling_general_admin": 168019000.0,
      "interest_expense": 51188000.0,
      "income_before_tax": -206513000.0
    },
    "balance_sheet": {
      "total_assets": 7507849000.0,
      "total_current_assets": 6205545000.0,
      "total_debt": 4816482000.0,
      "short_term_debt": null,
      "long_term_debt": 3202198000.0,
      "total_current_liabilities": 136034000.0,
      "stockholders_equity": 2511136000.0,
      "retained_earnings": -2385285000.0,
      "cash_and_equivalents": 972477000.0,
      "inventory": -3160313000.0,
      "accounts_receivable": 3735022000.0
    },
    "cash_flow": {
      "operating_cash_flow": -54275000.0,
      "capital_expenditure": 30516000.0,
      "free_cash_flow": -23759000.0,
      "financing_cash_flow": -128959000.0,
      "investing_cash_flow": -300958000.0,
      "dividends_paid": 17506000.0,
      "change_in_cash": -484192000.0
    }
  },
  "2022-12-31": {
    "income_statement": {
      "total_revenue": 399558000.0,
      "net_interest_income": null,
      "net_income": -322437000.0,
      "gross_profit": 176303000.0,
      "operating_income": -359532000.0,
      "ebitda": -257250000.0,
      "research_development": 156747000.0,
      "selling_general_admin": 158639000.0,
      "interest_expense": 43751000.0,
      "income_before_tax": -324005000.0
    },
    "balance_sheet": {
      "total_assets": 7804751000.0,
      "total_current_assets": 6525469000.0,
      "total_debt": 5090531000.0,
      "short_term_debt": null,
      "long_term_debt": 3022991000.0,
      "total_current_liabilities": 93810000.0,
      "stockholders_equity": 2510148000.0,
      "retained_earnings": -2179608000.0,
      "cash_and_equivalents": 1440333000.0,
      "inventory": 3495143000.0,
      "accounts_receivable": 201622000.0
    },
    "cash_flow": {
      "operating_cash_flow": -28548000.0,
      "capital_expenditure": 34250000.0,
      "free_cash_flow": 5702000.0,
      "financing_cash_flow": 669813000.0,
      "investing_cash_flow": -692211000.0,
      "dividends_paid": 7233000.0,
      "change_in_cash": -50946000.0
    }
  },
  "2022-09-30": {
    "income_statement": {
      "total_revenue": 361624000.0,
      "net_interest_income": null,
      "net_income": -251269000.0,
      "gross_profit": 162304000.0,
      "operating_income": -262401000.0,
      "ebitda": -205501000.0,
      "research_development": 144961000.0,
      "selling_general_admin": 160972000.0,
      "interest_expense": 25066000.0,
      "income_before_tax": -251449000.0
    },
    "balance_sheet": {
      "total_assets": 7165060000.0,
      "total_current_assets": 5898695000.0,
      "total_debt": 4374244000.0,
      "short_term_debt": null,
      "long_term_debt": 3428536000.0,
      "total_current_liabilities": 171355000.0,
      "stockholders_equity": 2563438000.0,
      "retained_earnings": -1857171000.0,
      "cash_and_equivalents": 1530132000.0,
      "inventory": 1.0,
      "accounts_receivable": 154869000.0
    },
    "cash_flow": {
      "operating_cash_flow": 51215000.0,
      "capital_expenditure": 31151000.0,
      "free_cash_flow": 82366000.0,
      "financing_cash_flow": 199542000.0,
      "investing_cash_flow": 117273000.0,
      "dividends_paid": null,
      "change_in_cash": 368030000.0
    }
  },
  "2022-06-30": {
    "income_statement": {
      "total_revenue": 364134000.0,
      "net_interest_income": null,
      "net_income": -186396000.0,
      "gross_profit": 181391000.0,
      "operating_income": -257809000.0,
      "ebitda": -167984000.0,
      "research_development": 135350000.0,
      "selling_general_admin": 157531000.0,
      "interest_expense": 19417000.0,
      "income_before_tax": -204516000.0
    },
    "balance_sheet": {
      "total_assets": 6973792000.0,
      "total_current_assets": 5639071000.0,
      "total_debt": 4078208000.0,
      "short_term_debt": null,
      "long_term_debt": 4078208000.0,
      "total_current_liabilities": 277329000.0,
      "stockholders_equity": 2618255000.0,
      "retained_earnings": -1605902000.0,
      "cash_and_equivalents": 1255171000.0,
      "inventory": -72669000.0,
      "accounts_receivable": 161943000.0
    },
    "cash_flow": {
      "operating_cash_flow": -10715000.0,
      "capital_expenditure": 52451000.0,
      "free_cash_flow": 41736000.0,
      "financing_cash_flow": -68402000.0,
      "investing_cash_flow": -1045351000.0,
      "dividends_paid": null,
      "change_in_cash": -1113707000.0
    }
  },
  "2022-03-31": {
    "income_statement": {
      "total_revenue": 354762000.0,
      "net_interest_income": null,
      "net_income": -54671000.0,
      "gross_profit": 201100000.0,
      "operating_income": -210727000.0,
      "ebitda": -25486000.0,
      "research_development": 110291000.0,
      "selling_general_admin": 142466000.0,
      "interest_expense": 15824000.0,
      "income_before_tax": -54412000.0
    },
    "balance_sheet": {
      "total_assets": 7031726000.0,
      "total_current_assets": 5764205000.0,
      "total_debt": 4090387000.0,
      "short_term_debt": null,
      "long_term_debt": 3153192000.0,
      "total_current_liabilities": 365284000.0,
      "stockholders_equity": 2576055000.0,
      "retained_earnings": -1419506000.0,
      "cash_and_equivalents": 2261937000.0,
      "inventory": -58443000.0,
      "accounts_receivable": 124614000.0
    },
    "cash_flow": {
      "operating_cash_flow": -27981000.0,
      "capital_expenditure": 21095000.0,
      "free_cash_flow": -6886000.0,
      "financing_cash_flow": 55787000.0,
      "investing_cash_flow": -166048000.0,
      "dividends_paid": null,
      "change_in_cash": -138242000.0
    }
  },
  "2021-12-31": {
    "income_statement": {
      "total_revenue": 361011000.0,
      "net_interest_income": null,
      "net_income": -159735000.0,
      "gross_profit": 224173000.0,
      "operating_income": -196200000.0,
      "ebitda": -129795000.0,
      "research_development": 94989000.0,
      "selling_general_admin": 141292000.0,
      "interest_expense": 17700000.0,
      "income_before_tax": -159459000.0
    },
    "balance_sheet": {
      "total_assets": 6952449000.0,
      "total_current_assets": 5719377000.0,
      "total_debt": 4340480000.0,
      "short_term_debt": null,
      "long_term_debt": 3999384000.0,
      "total_current_liabilities": 484743000.0,
      "stockholders_equity": 2468322000.0,
      "retained_earnings": -1364835000.0,
      "cash_and_equivalents": 2567401000.0,
      "inventory": -88565000.0,
      "accounts_receivable": 2429195000.0
    },
    "cash_flow": {
      "operating_cash_flow": -440254000.0,
      "capital_expenditure": 21812000.0,
      "free_cash_flow": -418442000.0,
      "financing_cash_flow": 1766260000.0,
      "investing_cash_flow": -190063000.0,
      "dividends_paid": null,
      "change_in_cash": 1135943000.0
    }
  },
  "2021-09-30": {
    "income_statement": {
      "total_revenue": 269385000.0,
      "net_interest_income": null,
      "net_income": -306615000.0,
      "gross_profit": 166171000.0,
      "operating_income": -166071000.0,
      "ebitda": -279150000.0,
      "research_development": 78013000.0,
      "selling_general_admin": 136204000.0,
      "interest_expense": 16753000.0,
      "income_before_tax": -306444000.0
    },
    "balance_sheet": {
      "total_assets": 5402099000.0,
      "total_current_assets": 4327643000.0,
      "total_debt": 2144921000.0,
      "short_term_debt": null,
      "long_term_debt": 2144921000.0,
      "total_current_liabilities": 879820000.0,
      "stockholders_equity": 2377358000.0,
      "retained_earnings": -1205100000.0,
      "cash_and_equivalents": 1439531000.0,
      "inventory": -43016000.0,
      "accounts_receivable": 100951000.0
    },
    "cash_flow": {
      "operating_cash_flow": 365150000.0,
      "capital_expenditure": 16347000.0,
      "free_cash_flow": 381497000.0,
      "financing_cash_flow": 243953000.0,
      "investing_cash_flow": -629510000.0,
      "dividends_paid": null,
      "change_in_cash": -20407000.0
    }
  },
  "2021-06-30": {
    "income_statement": {
      "total_revenue": 261780000.0,
      "net_interest_income": null,
      "net_income": -128227000.0,
      "gross_profit": 168623000.0,
      "operating_income": -124690000.0,
      "ebitda": -132125000.0,
      "research_development": 81952000.0,
      "selling_general_admin": 137647000.0,
      "interest_expense": 15623000.0,
      "income_before_tax": -130675000.0
    },
    "balance_sheet": {
      "total_assets": 4866967000.0,
      "total_current_assets": 3717967000.0,
      "total_debt": 1907354000.0,
      "short_term_debt": null,
      "long_term_debt": 1907354000.0,
      "total_current_liabilities": 378460000.0,
      "stockholders_equity": 2581153000.0,
      "retained_earnings": -888381000.0,
      "cash_and_equivalents": 1466558000.0,
      "inventory": -145377000.0,
      "accounts_receivable": 91575000.0
    },
    "cash_flow": {
      "operating_cash_flow": -15676000.0,
      "capital_expenditure": 7838000.0,
      "free_cash_flow": -7838000.0,
      "financing_cash_flow": -176129000.0,
      "investing_cash_flow": 80108000.0,
      "dividends_paid": 4265074000.0,
      "change_in_cash": null
    }
  },
  "2021-03-31": {
    "income_statement": {
      "total_revenue": 230665000.0,
      "net_interest_income": null,
      "net_income": -247159000.0,
      "gross_profit": 110602000.0,
      "operating_income": -169456000.0,
      "ebitda": -227543000.0,
      "research_development": 93707000.0,
      "selling_general_admin": 146853000.0,
      "interest_expense": 14665000.0,
      "income_before_tax": -247229000.0
    },
    "balance_sheet": {
      "total_assets": 4766389000.0,
      "total_current_assets": 3967496000.0,
      "total_debt": 2038044000.0,
      "short_term_debt": null,
      "long_term_debt": 2038044000.0,
      "total_current_liabilities": 324324000.0,
      "stockholders_equity": 2404021000.0,
      "retained_earnings": -734873000.0,
      "cash_and_equivalents": 1623672000.0,
      "inventory": -124444000.0,
      "accounts_receivable": 66080000.0
    },
    "cash_flow": {
      "operating_cash_flow": -123258000.0,
      "capital_expenditure": 5351000.0,
      "free_cash_flow": -117907000.0,
      "financing_cash_flow": 1488628000.0,
      "investing_cash_flow": -199668000.0,
      "dividends_paid": 1400698000.0,
      "change_in_cash": null
    }
  },
  "2020-12-31": {
    "income_statement": {
      "total_revenue": 204041000.0,
      "net_interest_income": 73857000.0,
      "net_income": -31557000.0,
      "gross_profit": 145605000.0,
      "operating_income": -31719000.0,
      "ebitda": -11182000.0,
      "research_development": 2200000.0,
      "selling_general_admin": 40916000.0,
      "interest_expense": 12060000.0,
      "income_before_tax": -31479000.0
    },
    "balance_sheet": {
      "total_assets": 2708122000.0,
      "total_current_assets": 2473405000.0,
      "total_debt": 1710594000.0,
      "short_term_debt": null,
      "long_term_debt": 1656449000.0,
      "total_current_liabilities": 73986000.0,
      "stockholders_equity": -349584000.0,
      "retained_earnings": -493999000.0,
      "cash_and_equivalents": 520741000.0,
      "inventory": -21402000.0,
      "accounts_receivable": 1836615000.0
    },
    "cash_flow": {
      "operating_cash_flow": -47655000.0,
      "capital_expenditure": 2894000.0,
      "free_cash_flow": -44761000.0,
      "financing_cash_flow": 447520000.0,
      "investing_cash_flow": -548949000.0,
      "dividends_paid": 1137772000.0,
      "change_in_cash": null
    }
  },
  "2020-09-30": {
    "income_statement": {
      "total_revenue": 173978000.0,
      "net_interest_income": 41425000.0,
      "net_income": -15275000.0,
      "gross_profit": 126712000.0,
      "operating_income": -44623000.0,
      "ebitda": -1106000.0,
      "research_development": 2600000.0,
      "selling_general_admin": 32266000.0,
      "interest_expense": 1958000.0,
      "income_before_tax": -15178000.0
    },
    "balance_sheet": {
      "total_assets": 2453483000.0,
      "total_current_assets": 2128869000.0,
      "total_debt": 1219018000.0,
      "short_term_debt": null,
      "long_term_debt": 1197813000.0,
      "total_current_liabilities": 52480000.0,
      "stockholders_equity": 1181985000.0,
      "retained_earnings": -479019000.0,
      "cash_and_equivalents": 684423000.0,
      "inventory": -4085000.0,
      "accounts_receivable": 49026000.0
    },
    "cash_flow": {
      "operating_cash_flow": -2304000.0,
      "capital_expenditure": 4169000.0,
      "free_cash_flow": 1865000.0,
      "financing_cash_flow": 817811000.0,
      "investing_cash_flow": -357761000.0,
      "dividends_paid": 1726604000.0,
      "change_in_cash": null
    }
  },
  "2020-06-30": {
    "income_statement": {
      "total_revenue": 153332000.0,
      "net_interest_income": null,
      "net_income": 35691000.0,
      "gross_profit": 106782000.0,
      "operating_income": 39320000.0,
      "ebitda": 44703000.0,
      "research_development": 118378000.0,
      "selling_general_admin": 31439000.0,
      "interest_expense": 7817000.0,
      "income_before_tax": 34907000.0
    },
    "balance_sheet": {
      "total_assets": 1402251000.0,
      "total_current_assets": 1340338000.0,
      "total_debt": 917146000.0,
      "short_term_debt": null,
      "long_term_debt": 917146000.0,
      "total_current_liabilities": 36309000.0,
      "stockholders_equity": -367096000.0,
      "retained_earnings": -447167000.0,
      "cash_and_equivalents": 267059000.0,
      "inventory": -4459000.0,
      "accounts_receivable": 59001000.0
    },
    "cash_flow": {
      "operating_cash_flow": -28447000.0,
      "capital_expenditure": 2315000.0,
      "free_cash_flow": -26132000.0,
      "financing_cash_flow": 120717000.0,
      "investing_cash_flow": -20673000.0,
      "dividends_paid": null,
      "change_in_cash": null
    }
  }
}