{
  "2025-06-30": {
    "income_statement": {
      "total_revenue": 167702000000.0,
      "net_interest_income": 569000000.0,
      "net_income": 18164000000.0,
      "gross_profit": 60917000000.0,
      "operating_income": 19171000000.0,
      "ebitda": 21373000000.0,
      "research_development": 27166000000.0,
      "selling_general_admin": 2965000000.0,
      "interest_expense": 516000000.0,
      "income_before_tax": 20857000000.0
    },
    "balance_sheet": {
      "total_assets": 682170000000.0,
      "total_current_assets": 191420000000.0,
      "total_debt": 133939000000.0,
      "short_term_debt": null,
      "long_term_debt": 50718000000.0,
      "total_current_liabilities": 186921000000.0,
      "stockholders_equity": 333775000000.0,
      "retained_earnings": 208157000000.0,
      "cash_and_equivalents": 57741000000.0,
      "inventory": 40825000000.0,
      "accounts_receivable": 57415000000.0
    },
    "cash_flow": {
      "operating_cash_flow": 32515000000.0,
      "capital_expenditure": 32183000000.0,
      "free_cash_flow": 64698000000.0,
      "financing_cash_flow": -2539000000.0,
      "investing_cash_flow": -39424000000.0,
      "dividends_paid": null,
      "change_in_cash": null
    }
  },
  "2025-03-31": {
    "income_statement": {
      "total_revenue": 155667000000.0,
      "net_interest_income": 1066000000.0,
      "net_income": 17127000000.0,
      "gross_profit": 78691000000.0,
      "operating_income": 18405000000.0,
      "ebitda": 36482000000.0,
      "research_development": 22994000000.0,
      "selling_general_admin": 2628000000.0,
      "interest_expense": 541000000.0,
      "income_before_tax": 21679000000.0
    },
    "balance_sheet": {
      "total_assets": 643256000000.0,
      "total_current_assets": 184645000000.0,
      "total_debt": 133245000000.0,
      "short_term_debt": null,
      "long_term_debt": 53374000000.0,
      "total_current_liabilities": 176171000000.0,
      "stockholders_equity": 305867000000.0,
      "retained_earnings": 189993000000.0,
      "cash_and_equivalents": 66207000000.0,
      "inventory": 35864000000.0,
      "accounts_receivable": 54216000000.0
    },
    "cash_flow": {
      "operating_cash_flow": 17015000000.0,
      "capital_expenditure": 25019000000.0,
      "free_cash_flow": 42034000000.0,
      "financing_cash_flow": -47000000.0,
      "investing_cash_flow": -29803000000.0,
      "dividends_paid": null,
      "change_in_cash": null
    }
  },
  "2024-12-31": {
    "income_statement": {
      "total_revenue": 187792000000.0,
      "net_interest_income": 1248000000.0,
      "net_income": 20004000000.0,
      "gross_profit": 88899000000.0,
      "operating_income": 21203000000.0,
      "ebitda": 38550000000.0,
      "research_development": 23571000000.0,
      "selling_general_admin": 2863000000.0,
      "interest_expense": 570000000.0,
      "income_before_tax": 22329000000.0
    },
    "balance_sheet": {
      "total_assets": 624894000000.0,
      "total_current_assets": 190867000000.0,
      "total_debt": 130900000000.0,
      "short_term_debt": null,
      "long_term_debt": 52623000000.0,
      "total_current_liabilities": 179431000000.0,
      "stockholders_equity": 285970000000.0,
      "retained_earnings": 172866000000.0,
      "cash_and_equivalents": 78779000000.0,
      "inventory": 34214000000.0,
      "accounts_receivable": 55451000000.0
    },
    "cash_flow": {
      "operating_cash_flow": 45636000000.0,
      "capital_expenditure": 27834000000.0,
      "free_cash_flow": 73470000000.0,
      "financing_cash_flow": -3308000000.0,
      "investing_cash_flow": -37443000000.0,
      "dividends_paid": null,
      "change_in_cash": null
    }
  },
  "2024-09-30": {
    "income_statement": {
      "total_revenue": 158877000000.0,
      "net_interest_income": 1256000000.0,
      "net_income": 15328000000.0,
      "gross_profit": 77900000000.0,
      "operating_income": 17411000000.0,
      "ebitda": 32082000000.0,
      "research_development": 22245000000.0,
      "selling_general_admin": 2713000000.0,
      "interest_expense": 603000000.0,
      "income_before_tax": 18037000000.0
    },
    "balance_sheet": {
      "total_assets": 584626000000.0,
      "total_current_assets": 175792000000.0,
      "total_debt": 134692000000.0,
      "short_term_debt": null,
      "long_term_debt": 54890000000.0,
      "total_current_liabilities": 161477000000.0,
      "stockholders_equity": 259151000000.0,
      "retained_earnings": 152862000000.0,
      "cash_and_equivalents": 75091000000.0,
      "inventory": 36103000000.0,
      "accounts_receivable": 51638000000.0
    },
    "cash_flow": {
      "operating_cash_flow": 25971000000.0,
      "capital_expenditure": 22620000000.0,
      "free_cash_flow": 48591000000.0,
      "financing_cash_flow": -2758000000.0,
      "investing_cash_flow": -16899000000.0,
      "dividends_paid": null,
      "change_in_cash": null
    }
  },
  "2024-06-30": {
    "income_statement": {
      "total_revenue": 147977000000.0,
      "net_interest_income": null,
      "net_income": 13485000000.0,
      "gross_profit": 74192000000.0,
      "operating_income": 14769000000.0,
      "ebitda": 26807000000.0,
      "research_development": 22304000000.0,
      "selling_general_admin": 3041000000.0,
      "interest_expense": 589000000.0,
      "income_before_tax": 15245000000.0
    },
    "balance_sheet": {
      "total_assets": 554818000000.0,
      "total_current_assets": 173307000000.0,
      "total_debt": 132973000000.0,
      "short_term_debt": null,
      "long_term_debt": 54889000000.0,
      "total_current_liabilities": 158172000000.0,
      "stockholders_equity": 236447000000.0,
      "retained_earnings": 137534000000.0,
      "cash_and_equivalents": 71178000000.0,
      "inventory": 34109000000.0,
      "accounts_receivable": 50106000000.0
    },
    "cash_flow": {
      "operating_cash_flow": 25281000000.0,
      "capital_expenditure": 17620000000.0,
      "free_cash_flow": 42901000000.0,
      "financing_cash_flow": -4490000000.0,
      "investing_cash_flow": -22138000000.0,
      "dividends_paid": null,
      "change_in_cash": null
    }
  },
  "2024-03-31": {
    "income_statement": {
      "total_revenue": 143313000000.0,
      "net_interest_income": 993000000.0,
      "net_income": 10431000000.0,
      "gross_profit": 70680000000.0,
      "operating_income": 15307000000.0,
      "ebitda": 26991000000.0,
      "research_development": 16960000000.0,
      "selling_general_admin": 2742000000.0,
      "interest_expense": 644000000.0,
      "income_before_tax": 12898000000.0
    },
    "balance_sheet": {
      "total_assets": 530969000000.0,
      "total_current_assets": 163989000000.0,
      "total_debt": 134686000000.0,
      "short_term_debt": null,
      "long_term_debt": 57634000000.0,
      "total_current_liabilities": 152965000000.0,
      "stockholders_equity": 216661000000.0,
      "retained_earnings": 124049000000.0,
      "cash_and_equivalents": 72852000000.0,
      "inventory": 31147000000.0,
      "accounts_receivable": 47768000000.0
    },
    "cash_flow": {
      "operating_cash_flow": 18989000000.0,
      "capital_expenditure": 14925000000.0,
      "free_cash_flow": 33914000000.0,
      "financing_cash_flow": -1256000000.0,
      "investing_cash_flow": -17862000000.0,
      "dividends_paid": null,
      "change_in_cash": null
    }
  },
  "2023-12-31": {
    "income_statement": {
      "total_revenue": 169961000000.0,
      "net_interest_income": 901000000.0,
      "net_income": 10624000000.0,
      "gross_profit": 77408000000.0,
      "operating_income": 13209000000.0,
      "ebitda": 27029000000.0,
      "research_development": 22038000000.0,
      "selling_general_admin": 3010000000.0,
      "interest_expense": 713000000.0,
      "income_before_tax": 13686000000.0
    },
    "balance_sheet": {
      "total_assets": 527854000000.0,
      "total_current_assets": 172351000000.0,
      "total_debt": 135611000000.0,
      "short_term_debt": null,
      "long_term_debt": 58314000000.0,
      "total_current_liabilities": 164917000000.0,
      "stockholders_equity": 201875000000.0,
      "retained_earnings": 113618000000.0,
      "cash_and_equivalents": 73387000000.0,
      "inventory": 33318000000.0,
      "accounts_receivable": 52253000000.0
    },
    "cash_flow": {
      "operating_cash_flow": 42465000000.0,
      "capital_expenditure": 14588000000.0,
      "free_cash_flow": 57053000000.0,
      "financing_cash_flow": -6746000000.0,
      "investing_cash_flow": -12601000000.0,
      "dividends_paid": null,
      "change_in_cash": null
    }
  },
  "2023-09-30": {
    "income_statement": {
      "total_revenue": 143083000000.0,
      "net_interest_income": 1072000000.0,
      "net_income": 9879000000.0,
      "gross_profit": 68061000000.0,
      "operating_income": 11188000000.0,
      "ebitda": 23319000000.0,
      "research_development": 21203000000.0,
      "selling_general_admin": 2561000000.0,
      "interest_expense": 806000000.0,
      "income_before_tax": 12189000000.0
    },
    "balance_sheet": {
      "total_assets": 486883000000.0,
      "total_current_assets": 142995000000.0,
      "total_debt": 136989000000.0,
      "short_term_debt": null,
      "long_term_debt": 61098000000.0,
      "total_current_liabilities": 145214000000.0,
      "stockholders_equity": 182973000000.0,
      "retained_earnings": 102994000000.0,
      "cash_and_equivalents": 49605000000.0,
      "inventory": 35406000000.0,
      "accounts_receivable": 43420000000.0
    },
    "cash_flow": {
      "operating_cash_flow": 21217000000.0,
      "capital_expenditure": 12479000000.0,
      "free_cash_flow": 33696000000.0,
      "financing_cash_flow": -8948000000.0,
      "investing_cash_flow": -11753000000.0,
      "dividends_paid": null,
      "change_in_cash": null
    }
  },
  "2023-06-30": {
    "income_statement": {
      "total_revenue": 134383000000.0,
      "net_interest_income": 661000000.0,
      "net_income": 6750000000.0,
      "gross_profit": 65010000000.0,
      "operating_income": 7681000000.0,
      "ebitda": 19270000000.0,
      "research_development": 18829000000.0,
      "selling_general_admin": 3202000000.0,
      "interest_expense": 840000000.0,
      "income_before_tax": 7554000000.0
    },
    "balance_sheet": {
      "total_assets": 477607000000.0,
      "total_current_assets": 140482000000.0,
      "total_debt": 138914000000.0,
      "short_term_debt": null,
      "long_term_debt": 63092000000.0,
      "total_current_liabilities": 148238000000.0,
      "stockholders_equity": 168602000000.0,
      "retained_earnings": 93115000000.0,
      "cash_and_equivalents": 49529000000.0,
      "inventory": 36587000000.0,
      "accounts_receivable": 39925000000.0
    },
    "cash_flow": {
      "operating_cash_flow": 16476000000.0,
      "capital_expenditure": 11455000000.0,
      "free_cash_flow": 27931000000.0,
      "financing_cash_flow": -6539000000.0,
      "investing_cash_flow": -9673000000.0,
      "dividends_paid": null,
      "change_in_cash": 264000000.0
    }
  },
  "2023-03-31": {
    "income_statement": {
      "total_revenue": 127358000000.0,
      "net_interest_income": 611000000.0,
      "net_income": 3172000000.0,
      "gross_profit": 59567000000.0,
      "operating_income": 4774000000.0,
      "ebitda": 15897000000.0,
      "research_development": 17420000000.0,
      "selling_general_admin": 3043000000.0,
      "interest_expense": 823000000.0,
      "income_before_tax": 4120000000.0
    },
    "balance_sheet": {
      "total_assets": 464378000000.0,
      "total_current_assets": 136221000000.0,
      "total_debt": 141351000000.0,
      "short_term_debt": null,
      "long_term_debt": 67084000000.0,
      "total_current_liabilities": 147570000000.0,
      "stockholders_equity": 154526000000.0,
      "retained_earnings": 86365000000.0,
      "cash_and_equivalents": 49343000000.0,
      "inventory": 34170000000.0,
      "accounts_receivable": 37646000000.0
    },
    "cash_flow": {
      "operating_cash_flow": 4788000000.0,
      "capital_expenditure": 14207000000.0,
      "free_cash_flow": 18995000000.0,
      "financing_cash_flow": 6354000000.0,
      "investing_cash_flow": -15806000000.0,
      "dividends_paid": null,
      "change_in_cash": -4664000000.0
    }
  },
  "2022-12-31": {
    "income_statement": {
      "total_revenue": 149204000000.0,
      "net_interest_income": 445000000.0,
      "net_income": 278000000.0,
      "gross_profit": 63564000000.0,
      "operating_income": 2547000000.0,
      "ebitda": 15232000000.0,
      "research_development": 3653000000.0,
      "selling_general_admin": 3333000000.0,
      "interest_expense": 694000000.0,
      "income_before_tax": -962000000.0
    },
    "balance_sheet": {
      "total_assets": 462675000000.0,
      "total_current_assets": 146791000000.0,
      "total_debt": 140118000000.0,
      "short_term_debt": null,
      "long_term_debt": 67150000000.0,
      "total_current_liabilities": 155393000000.0,
      "stockholders_equity": 146043000000.0,
      "retained_earnings": 83193000000.0,
      "cash_and_equivalents": 53888000000.0,
      "inventory": 34405000000.0,
      "accounts_receivable": 42360000000.0
    },
    "cash_flow": {
      "operating_cash_flow": 29173000000.0,
      "capital_expenditure": 16592000000.0,
      "free_cash_flow": 45765000000.0,
      "financing_cash_flow": 86000000.0,
      "investing_cash_flow": -10821000000.0,
      "dividends_paid": null,
      "change_in_cash": 18438000000.0
    }
  },
  "2022-09-30": {
    "income_statement": {
      "total_revenue": 127101000000.0,
      "net_interest_income": 277000000.0,
      "net_income": 2872000000.0,
      "gross_profit": 56833000000.0,
      "operating_income": 2525000000.0,
      "ebitda": 12729000000.0,
      "research_development": 16787000000.0,
      "selling_general_admin": 3061000000.0,
      "interest_expense": 617000000.0,
      "income_before_tax": 2941000000.0
    },
    "balance_sheet": {
      "total_assets": 428362000000.0,
      "total_current_assets": 131463000000.0,
      "total_debt": 128251000000.0,
      "short_term_debt": null,
      "long_term_debt": 58919000000.0,
      "total_current_liabilities": 140363000000.0,
      "stockholders_equity": 137489000000.0,
      "retained_earnings": 82915000000.0,
      "cash_and_equivalents": 34947000000.0,
      "inventory": 36647000000.0,
      "accounts_receivable": 36154000000.0
    },
    "cash_flow": {
      "operating_cash_flow": 11404000000.0,
      "capital_expenditure": 16378000000.0,
      "free_cash_flow": 27782000000.0,
      "financing_cash_flow": 3016000000.0,
      "investing_cash_flow": -15608000000.0,
      "dividends_paid": null,
      "change_in_cash": -1188000000.0
    }
  },
  "2022-06-30": {
    "income_statement": {
      "total_revenue": 121234000000.0,
      "net_interest_income": 159000000.0,
      "net_income": -2028000000.0,
      "gross_profit": 54810000000.0,
      "operating_income": 3317000000.0,
      "ebitda": 13033000000.0,
      "research_development": 15468000000.0,
      "selling_general_admin": 2903000000.0,
      "interest_expense": 584000000.0,
      "income_before_tax": -2665000000.0
    },
    "balance_sheet": {
      "total_assets": 419728000000.0,
      "total_current_assets": 133667000000.0,
      "total_debt": 124577000000.0,
      "short_term_debt": null,
      "long_term_debt": 58053000000.0,
      "total_current_liabilities": 140291000000.0,
      "stockholders_equity": 131402000000.0,
      "retained_earnings": 80043000000.0,
      "cash_and_equivalents": 37478000000.0,
      "inventory": 38153000000.0,
      "accounts_receivable": 34804000000.0
    },
    "cash_flow": {
      "operating_cash_flow": 8965000000.0,
      "capital_expenditure": 15724000000.0,
      "free_cash_flow": 24689000000.0,
      "financing_cash_flow": 4626000000.0,
      "investing_cash_flow": -12078000000.0,
      "dividends_paid": null,
      "change_in_cash": 1513000000.0
    }
  },
  "2022-03-31": {
    "income_statement": {
      "total_revenue": 116444000000.0,
      "net_interest_income": 108000000.0,
      "net_income": -3844000000.0,
      "gross_profit": 49945000000.0,
      "operating_income": 3669000000.0,
      "ebitda": 12862000000.0,
      "research_development": 12270000000.0,
      "selling_general_admin": 2594000000.0,
      "interest_expense": 472000000.0,
      "income_before_tax": -5266000000.0
    },
    "balance_sheet": {
      "total_assets": 410767000000.0,
      "total_current_assets": 133876000000.0,
      "total_debt": 113287000000.0,
      "short_term_debt": null,
      "long_term_debt": 47556000000.0,
      "total_current_liabilities": 139508000000.0,
      "stockholders_equity": 134001000000.0,
      "retained_earnings": 82071000000.0,
      "cash_and_equivalents": 36393000000.0,
      "inventory": 34987000000.0,
      "accounts_receivable": 32504000000.0
    },
    "cash_flow": {
      "operating_cash_flow": -2790000000.0,
      "capital_expenditure": 14951000000.0,
      "free_cash_flow": 12161000000.0,
      "financing_cash_flow": 1990000000.0,
      "investing_cash_flow": 906000000.0,
      "dividends_paid": null,
      "change_in_cash": 106000000.0
    }
  },
  "2021-12-31": {
    "income_statement": {
      "total_revenue": 137412000000.0,
      "net_interest_income": 118000000.0,
      "net_income": 14323000000.0,
      "gross_profit": 54577000000.0,
      "operating_income": 3460000000.0,
      "ebitda": 13262000000.0,
      "research_development": 2001000000.0,
      "selling_general_admin": 2525000000.0,
      "interest_expense": 482000000.0,
      "income_before_tax": 14934000000.0
    },
    "balance_sheet": {
      "total_assets": 420549000000.0,
      "total_current_assets": 161580000000.0,
      "total_debt": 116395000000.0,
      "short_term_debt": null,
      "long_term_debt": 48744000000.0,
      "total_current_liabilities": 142266000000.0,
      "stockholders_equity": 138245000000.0,
      "retained_earnings": 85915000000.0,
      "cash_and_equivalents": 36220000000.0,
      "inventory": 32640000000.0,
      "accounts_receivable": 32891000000.0
    },
    "cash_flow": {
      "operating_cash_flow": 22086000000.0,
      "capital_expenditure": 18935000000.0,
      "free_cash_flow": 41021000000.0,
      "financing_cash_flow": -3100000000.0,
      "investing_cash_flow": -12580000000.0,
      "dividends_paid": null,
      "change_in_cash": 6300000000.0
    }
  },
  "2021-09-30": {
    "income_statement": {
      "total_revenue": 110812000000.0,
      "net_interest_income": 119000000.0,
      "net_income": 3156000000.0,
      "gross_profit": 47882000000.0,
      "operating_income": 4852000000.0,
      "ebitda": 13800000000.0,
      "research_development": 12097000000.0,
      "selling_general_admin": 2153000000.0,
      "interest_expense": 493000000.0,
      "income_before_tax": 4311000000.0
    },
    "balance_sheet": {
      "total_assets": 382406000000.0,
      "total_current_assets": 138531000000.0,
      "total_debt": 113903000000.0,
      "short_term_debt": null,
      "long_term_debt": 50055000000.0,
      "total_current_liabilities": 123994000000.0,
      "stockholders_equity": 120564000000.0,
      "retained_earnings": 71592000000.0,
      "cash_and_equivalents": 29944000000.0,
      "inventory": 30933000000.0,
      "accounts_receivable": 28610000000.0
    },
    "cash_flow": {
      "operating_cash_flow": 7313000000.0,
      "capital_expenditure": 15748000000.0,
      "free_cash_flow": 23061000000.0,
      "financing_cash_flow": -2776000000.0,
      "investing_cash_flow": -14828000000.0,
      "dividends_paid": null,
      "change_in_cash": -10490000000.0
    }
  },
  "2021-06-30": {
    "income_statement": {
      "total_revenue": 113080000000.0,
      "net_interest_income": 106000000.0,
      "net_income": 7778000000.0,
      "gross_profit": 48904000000.0,
      "operating_income": 7702000000.0,
      "ebitda": 15740000000.0,
      "research_development": 11794000000.0,
      "selling_general_admin": 2158000000.0,
      "interest_expense": 435000000.0,
      "income_before_tax": 8646000000.0
    },
    "balance_sheet": {
      "total_assets": 360319000000.0,
      "total_current_assets": 140848000000.0,
      "total_debt": 106576000000.0,
      "short_term_debt": null,
      "long_term_debt": 50279000000.0,
      "total_current_liabilities": 117792000000.0,
      "stockholders_equity": 114803000000.0,
      "retained_earnings": 68436000000.0,
      "cash_and_equivalents": 40380000000.0,
      "inventory": 24119000000.0,
      "accounts_receivable": 26835000000.0
    },
    "cash_flow": {
      "operating_cash_flow": 12715000000.0,
      "capital_expenditure": 14288000000.0,
      "free_cash_flow": 27003000000.0,
      "financing_cash_flow": 15643000000.0,
      "investing_cash_flow": -22080000000.0,
      "dividends_paid": null,
      "change_in_cash": 6512000000.0
    }
  },
  "2021-03-31": {
    "income_statement": {
      "total_revenue": 108518000000.0,
      "net_interest_income": 105000000.0,
      "net_income": 8107000000.0,
      "gross_profit": 46115000000.0,
      "operating_income": 8865000000.0,
      "ebitda": 16373000000.0,
      "research_development": 10584000000.0,
      "selling_general_admin": 1987000000.0,
      "interest_expense": 399000000.0,
      "income_before_tax": 10263000000.0
    },
    "balance_sheet": {
      "total_assets": 323077000000.0,
      "total_current_assets": 121408000000.0,
      "total_debt": 84935000000.0,
      "short_term_debt": null,
      "long_term_debt": 31868000000.0,
      "total_current_liabilities": 115404000000.0,
      "stockholders_equity": 103320000000.0,
      "retained_earnings": 60658000000.0,
      "cash_and_equivalents": 33834000000.0,
      "inventory": 23849000000.0,
      "accounts_receivable": 24289000000.0
    },
    "cash_flow": {
      "operating_cash_flow": 4213000000.0,
      "capital_expenditure": 12082000000.0,
      "free_cash_flow": 16295000000.0,
      "financing_cash_flow": -3476000000.0,
      "investing_cash_flow": -8666000000.0,
      "dividends_paid": null,
      "change_in_cash": -8222000000.0
    }
  },
  "2020-12-31": {
    "income_statement": {
      "total_revenue": 125555000000.0,
      "net_interest_income": 100000000.0,
      "net_income": 7222000000.0,
      "gross_profit": 46271000000.0,
      "operating_income": 6873000000.0,
      "ebitda": 14491000000.0,
      "research_development": 5242000000.0,
      "selling_general_admin": 1968000000.0,
      "interest_expense": 414000000.0,
      "income_before_tax": 7765000000.0
    },
    "balance_sheet": {
      "total_assets": 321195000000.0,
      "total_current_assets": 132733000000.0,
      "total_debt": 84389000000.0,
      "short_term_debt": null,
      "long_term_debt": 31816000000.0,
      "total_current_liabilities": 126385000000.0,
      "stockholders_equity": 93404000000.0,
      "retained_earnings": 52551000000.0,
      "cash_and_equivalents": 42122000000.0,
      "inventory": 23795000000.0,
      "accounts_receivable": 24542000000.0
    },
    "cash_flow": {
      "operating_cash_flow": 30431000000.0,
      "capital_expenditure": 14823000000.0,
      "free_cash_flow": 45254000000.0,
      "financing_cash_flow": -1816000000.0,
      "investing_cash_flow": -17037000000.0,
      "dividends_paid": null,
      "change_in_cash": 12175000000.0
    }
  },
  "2020-09-30": {
    "income_statement": {
      "total_revenue": 96145000000.0,
      "net_interest_income": 118000000.0,
      "net_income": 6331000000.0,
      "gross_profit": 39039000000.0,
      "operating_income": 6194000000.0,
      "ebitda": 12717000000.0,
      "research_development": 9334000000.0,
      "selling_general_admin": 1668000000.0,
      "interest_expense": 428000000.0,
      "income_before_tax": 6900000000.0
    },
    "balance_sheet": {
      "total_assets": 282179000000.0,
      "total_current_assets": 112969000000.0,
      "total_debt": 81518000000.0,
      "short_term_debt": null,
      "long_term_debt": 32929000000.0,
      "total_current_liabilities": 101912000000.0,
      "stockholders_equity": 82775000000.0,
      "retained_earnings": 45329000000.0,
      "cash_and_equivalents": 29930000000.0,
      "inventory": 23735000000.0,
      "accounts_receivable": 20832000000.0
    },
    "cash_flow": {
      "operating_cash_flow": 11964000000.0,
      "capital_expenditure": 11063000000.0,
      "free_cash_flow": 23027000000.0,
      "financing_cash_flow": -4105000000.0,
      "investing_cash_flow": -15876000000.0,
      "dividends_paid": null,
      "change_in_cash": -7640000000.0
    }
  }
}