{
  "2025-06-30": {
    "income_statement": {
      "total_revenue": 42352000000.0,
      "net_interest_income": null,
      "net_income": 4019000000.0,
      "gross_profit": 18796000000.0,
      "operating_income": 5219000000.0,
      "ebitda": 5219000000.0,
      "research_development": null,
      "selling_general_admin": 7633000000.0,
      "interest_expense": 20684000000.0,
      "income_before_tax": 5219000000.0
    },
    "balance_sheet": {
      "total_assets": 2622772000000.0,
      "total_current_assets": 637304000000.0,
      "total_debt": 721234000000.0,
      "short_term_debt": null,
      "long_term_debt": 317761000000.0,
      "total_current_liabilities": 2016107000000.0,
      "stockholders_equity": 213222000000.0,
      "retained_earnings": 211674000000.0,
      "cash_and_equivalents": 337473000000.0,
      "inventory": null,
      "accounts_receivable": 64029000000.0
    },
    "cash_flow": {
      "operating_cash_flow": null,
      "capital_expenditure": null,
      "free_cash_flow": null,
      "financing_cash_flow": null,
      "investing_cash_flow": null,
      "dividends_paid": null,
      "change_in_cash": null
    }
  },
  "2025-03-31": {
    "income_statement": {
      "total_revenue": 41255000000.0,
      "net_interest_income": 33666000000.0,
      "net_income": 4064000000.0,
      "gross_profit": 18893000000.0,
      "operating_income": 5448000000.0,
      "ebitda": 6498000000.0,
      "research_development": null,
      "selling_general_admin": 7484000000.0,
      "interest_expense": 19654000000.0,
      "income_before_tax": 5448000000.0
    },
    "balance_sheet": {
      "total_assets": 2571514000000.0,
      "total_current_assets": 585498000000.0,
      "total_debt": 748782000000.0,
      "short_term_debt": null,
      "long_term_debt": 295684000000.0,
      "total_current_liabilities": 1996498000000.0,
      "stockholders_equity": 212408000000.0,
      "retained_earnings": 209013000000.0,
      "cash_and_equivalents": 308331000000.0,
      "inventory": null,
      "accounts_receivable": 57716000000.0
    },
    "cash_flow": {
      "operating_cash_flow": -58708000000.0,
      "capital_expenditure": 1517000000.0,
      "free_cash_flow": -57191000000.0,
      "financing_cash_flow": 184976000000.0,
      "investing_cash_flow": -98983000000.0,
      "dividends_paid": 1323000000.0,
      "change_in_cash": null
    }
  },
  "2024-12-31": {
    "income_statement": {
      "total_revenue": 40900000000.0,
      "net_interest_income": 35047000000.0,
      "net_income": 2856000000.0,
      "gross_profit": 17005000000.0,
      "operating_income": 3802000000.0,
      "ebitda": 4821000000.0,
      "research_development": null,
      "selling_general_admin": 6940000000.0,
      "interest_expense": 21314000000.0,
      "income_before_tax": 3802000000.0
    },
    "balance_sheet": {
      "total_assets": 2352945000000.0,
      "total_current_assets": 549135000000.0,
      "total_debt": 590560000000.0,
      "short_term_debt": null,
      "long_term_debt": 287300000000.0,
      "total_current_liabilities": 1788165000000.0,
      "stockholders_equity": 208598000000.0,
      "retained_earnings": 206294000000.0,
      "cash_and_equivalents": 276532000000.0,
      "inventory": null,
      "accounts_receivable": 51116000000.0
    },
    "cash_flow": {
      "operating_cash_flow": 24796000000.0,
      "capital_expenditure": 1688000000.0,
      "free_cash_flow": 26484000000.0,
      "financing_cash_flow": -47306000000.0,
      "investing_cash_flow": 7749000000.0,
      "dividends_paid": 1314000000.0,
      "change_in_cash": null
    }
  },
  "2024-09-30": {
    "income_statement": {
      "total_revenue": 43359000000.0,
      "net_interest_income": 36456000000.0,
      "net_income": 3238000000.0,
      "gross_profit": 17668000000.0,
      "operating_income": 4390000000.0,
      "ebitda": 5471000000.0,
      "research_development": null,
      "selling_general_admin": 7086000000.0,
      "interest_expense": 23094000000.0,
      "income_before_tax": 4390000000.0
    },
    "balance_sheet": {
      "total_assets": 2430663000000.0,
      "total_current_assets": 598886000000.0,
      "total_debt": 618798000000.0,
      "short_term_debt": null,
      "long_term_debt": 299081000000.0,
      "total_current_liabilities": 1853436000000.0,
      "stockholders_equity": 209083000000.0,
      "retained_earnings": 204770000000.0,
      "cash_and_equivalents": 303094000000.0,
      "inventory": null,
      "accounts_receivable": 63927000000.0
    },
    "cash_flow": {
      "operating_cash_flow": -16674000000.0,
      "capital_expenditure": 1561000000.0,
      "free_cash_flow": -15113000000.0,
      "financing_cash_flow": 15391000000.0,
      "investing_cash_flow": 51388000000.0,
      "dividends_paid": 1342000000.0,
      "change_in_cash": null
    }
  },
  "2024-06-30": {
    "income_statement": {
      "total_revenue": 42638000000.0,
      "net_interest_income": 35987000000.0,
      "net_income": 3217000000.0,
      "gross_profit": 17681000000.0,
      "operating_income": 4310000000.0,
      "ebitda": 5411000000.0,
      "research_development": null,
      "selling_general_admin": 6906000000.0,
      "interest_expense": 22494000000.0,
      "income_before_tax": 4310000000.0
    },
    "balance_sheet": {
      "total_assets": 2405686000000.0,
      "total_current_assets": 557468000000.0,
      "total_debt": 624221000000.0,
      "short_term_debt": null,
      "long_term_debt": 280321000000.0,
      "total_current_liabilities": 1846917000000.0,
      "stockholders_equity": 208310000000.0,
      "retained_earnings": 202913000000.0,
      "cash_and_equivalents": 246134000000.0,
      "inventory": -1162100000000.0,
      "accounts_receivable": 64831000000.0
    },
    "cash_flow": {
      "operating_cash_flow": -16960000000.0,
      "capital_expenditure": 1644000000.0,
      "free_cash_flow": -15316000000.0,
      "financing_cash_flow": -18740000000.0,
      "investing_cash_flow": 12269000000.0,
      "dividends_paid": 1252000000.0,
      "change_in_cash": null
    }
  },
  "2024-03-31": {
    "income_statement": {
      "total_revenue": 43722000000.0,
      "net_interest_income": 36223000000.0,
      "net_income": 3371000000.0,
      "gross_profit": 18678000000.0,
      "operating_income": 4544000000.0,
      "ebitda": 5654000000.0,
      "research_development": null,
      "selling_general_admin": 7700000000.0,
      "interest_expense": 22716000000.0,
      "income_before_tax": 4544000000.0
    },
    "balance_sheet": {
      "total_assets": 2432510000000.0,
      "total_current_assets": 587370000000.0,
      "total_debt": 616792000000.0,
      "short_term_debt": null,
      "long_term_debt": 285495000000.0,
      "total_current_liabilities": 1868125000000.0,
      "stockholders_equity": 206585000000.0,
      "retained_earnings": 200956000000.0,
      "cash_and_equivalents": 272730000000.0,
      "inventory": -1192528000000.0,
      "accounts_receivable": 61588000000.0
    },
    "cash_flow": {
      "operating_cash_flow": -10831000000.0,
      "capital_expenditure": 1607000000.0,
      "free_cash_flow": -9224000000.0,
      "financing_cash_flow": 12351000000.0,
      "investing_cash_flow": 14844000000.0,
      "dividends_paid": 1291000000.0,
      "change_in_cash": null
    }
  },
  "2023-12-31": {
    "income_statement": {
      "total_revenue": 41395000000.0,
      "net_interest_income": 36379000000.0,
      "net_income": -1839000000.0,
      "gross_profit": 15317000000.0,
      "operating_income": -2103000000.0,
      "ebitda": -931000000.0,
      "research_development": null,
      "selling_general_admin": 6906000000.0,
      "interest_expense": 22555000000.0,
      "income_before_tax": -2103000000.0
    },
    "balance_sheet": {
      "total_assets": 2411834000000.0,
      "total_current_assets": 560190000000.0,
      "total_debt": 602183000000.0,
      "short_term_debt": null,
      "long_term_debt": 286619000000.0,
      "total_current_liabilities": 1843129000000.0,
      "stockholders_equity": 205453000000.0,
      "retained_earnings": 198905000000.0,
      "cash_and_equivalents": 260932000000.0,
      "inventory": -1148510000000.0,
      "accounts_receivable": 54190000000.0
    },
    "cash_flow": {
      "operating_cash_flow": -4666000000.0,
      "capital_expenditure": 1765000000.0,
      "free_cash_flow": -2901000000.0,
      "financing_cash_flow": 45733000000.0,
      "investing_cash_flow": -38466000000.0,
      "dividends_paid": 1313000000.0,
      "change_in_cash": null
    }
  },
  "2023-09-30": {
    "income_statement": {
      "total_revenue": 40748000000.0,
      "net_interest_income": 34837000000.0,
      "net_income": 3546000000.0,
      "gross_profit": 17921000000.0,
      "operating_income": 4788000000.0,
      "ebitda": 5929000000.0,
      "research_development": null,
      "selling_general_admin": 7449000000.0,
      "interest_expense": 21009000000.0,
      "income_before_tax": 4788000000.0
    },
    "balance_sheet": {
      "total_assets": 2368477000000.0,
      "total_current_assets": 547515000000.0,
      "total_debt": 575696000000.0,
      "short_term_debt": null,
      "long_term_debt": 275760000000.0,
      "total_current_liabilities": 1813142000000.0,
      "stockholders_equity": 209503000000.0,
      "retained_earnings": 202135000000.0,
      "cash_and_equivalents": 253987000000.0,
      "inventory": -1150046000000.0,
      "accounts_receivable": 66465000000.0
    },
    "cash_flow": {
      "operating_cash_flow": 15794000000.0,
      "capital_expenditure": 1693000000.0,
      "free_cash_flow": 17487000000.0,
      "financing_cash_flow": -43965000000.0,
      "investing_cash_flow": 30007000000.0,
      "dividends_paid": 1352000000.0,
      "change_in_cash": null
    }
  },
  "2023-06-30": {
    "income_statement": {
      "total_revenue": 38187000000.0,
      "net_interest_income": 32647000000.0,
      "net_income": 2915000000.0,
      "gross_profit": 17626000000.0,
      "operating_income": 4042000000.0,
      "ebitda": 5178000000.0,
      "research_development": null,
      "selling_general_admin": 7402000000.0,
      "interest_expense": 18747000000.0,
      "income_before_tax": 4042000000.0
    },
    "balance_sheet": {
      "total_assets": 2423675000000.0,
      "total_current_assets": 583611000000.0,
      "total_debt": 574975000000.0,
      "short_term_debt": null,
      "long_term_debt": 274510000000.0,
      "total_current_liabilities": 1860429000000.0,
      "stockholders_equity": 208719000000.0,
      "retained_earnings": 199976000000.0,
      "cash_and_equivalents": 296908000000.0,
      "inventory": -1198326000000.0,
      "accounts_receivable": 61123000000.0
    },
    "cash_flow": {
      "operating_cash_flow": -54059000000.0,
      "capital_expenditure": 1491000000.0,
      "free_cash_flow": -52568000000.0,
      "financing_cash_flow": -16847000000.0,
      "investing_cash_flow": 42717000000.0,
      "dividends_paid": 1280000000.0,
      "change_in_cash": null
    }
  },
  "2023-03-31": {
    "income_statement": {
      "total_revenue": 36452000000.0,
      "net_interest_income": 29395000000.0,
      "net_income": 4606000000.0,
      "gross_profit": 18437000000.0,
      "operating_income": 6183000000.0,
      "ebitda": 7294000000.0,
      "research_development": null,
      "selling_general_admin": 7562000000.0,
      "interest_expense": 16047000000.0,
      "income_before_tax": 6183000000.0
    },
    "balance_sheet": {
      "total_assets": 2455113000000.0,
      "total_current_assets": 614909000000.0,
      "total_debt": 577552000000.0,
      "short_term_debt": null,
      "long_term_debt": 279684000000.0,
      "total_current_liabilities": 1890045000000.0,
      "stockholders_equity": 208295000000.0,
      "retained_earnings": 198353000000.0,
      "cash_and_equivalents": 328959000000.0,
      "inventory": -1228019000000.0,
      "accounts_receivable": 55839000000.0
    },
    "cash_flow": {
      "operating_cash_flow": -30485000000.0,
      "capital_expenditure": 1634000000.0,
      "free_cash_flow": -28851000000.0,
      "financing_cash_flow": 15766000000.0,
      "investing_cash_flow": -3073000000.0,
      "dividends_paid": 1267000000.0,
      "change_in_cash": -17792000000.0
    }
  },
  "2022-12-31": {
    "income_statement": {
      "total_revenue": 30439000000.0,
      "net_interest_income": 25708000000.0,
      "net_income": 2513000000.0,
      "gross_profit": 16181000000.0,
      "operating_income": 3176000000.0,
      "ebitda": 4284000000.0,
      "research_development": null,
      "selling_general_admin": 6638000000.0,
      "interest_expense": 12438000000.0,
      "income_before_tax": 3176000000.0
    },
    "balance_sheet": {
      "total_assets": 2416676000000.0,
      "total_current_assets": 635317000000.0,
      "total_debt": 521146000000.0,
      "short_term_debt": null,
      "long_term_debt": 271606000000.0,
      "total_current_liabilities": 1855359000000.0,
      "stockholders_equity": 201189000000.0,
      "retained_earnings": 194734000000.0,
      "cash_and_equivalents": 342025000000.0,
      "inventory": -1167269000000.0,
      "accounts_receivable": 54546000000.0
    },
    "cash_flow": {
      "operating_cash_flow": 29239000000.0,
      "capital_expenditure": 1965000000.0,
      "free_cash_flow": 31204000000.0,
      "financing_cash_flow": 66195000000.0,
      "investing_cash_flow": -79455000000.0,
      "dividends_paid": 1226000000.0,
      "change_in_cash": null
    }
  },
  "2022-09-30": {
    "income_statement": {
      "total_revenue": 25240000000.0,
      "net_interest_income": 19919000000.0,
      "net_income": 3479000000.0,
      "gross_profit": 16554000000.0,
      "operating_income": 4394000000.0,
      "ebitda": 5459000000.0,
      "research_development": null,
      "selling_general_admin": 6770000000.0,
      "interest_expense": 7356000000.0,
      "income_before_tax": 4394000000.0
    },
    "balance_sheet": {
      "total_assets": 2381064000000.0,
      "total_current_assets": 604373000000.0,
      "total_debt": 496915000000.0,
      "short_term_debt": null,
      "long_term_debt": 449547000000.0,
      "total_current_liabilities": 135209000000.0,
      "stockholders_equity": 198560000000.0,
      "retained_earnings": 193462000000.0,
      "cash_and_equivalents": 299607000000.0,
      "inventory": -1086362000000.0,
      "accounts_receivable": 79696000000.0
    },
    "cash_flow": {
      "operating_cash_flow": -1988000000.0,
      "capital_expenditure": 1202000000.0,
      "free_cash_flow": -786000000.0,
      "financing_cash_flow": 1123000000.0,
      "investing_cash_flow": 17566000000.0,
      "dividends_paid": 1263000000.0,
      "change_in_cash": 16701000000.0
    }
  },
  "2022-06-30": {
    "income_statement": {
      "total_revenue": 23236000000.0,
      "net_interest_income": 15630000000.0,
      "net_income": 4547000000.0,
      "gross_profit": 18338000000.0,
      "operating_income": 5971000000.0,
      "ebitda": 7045000000.0,
      "research_development": null,
      "selling_general_admin": 6494000000.0,
      "interest_expense": 3666000000.0,
      "income_before_tax": 5971000000.0
    },
    "balance_sheet": {
      "total_assets": 2380904000000.0,
      "total_current_assets": 596377000000.0,
      "total_debt": 477932000000.0,
      "short_term_debt": null,
      "long_term_debt": 257425000000.0,
      "total_current_liabilities": 136528000000.0,
      "stockholders_equity": 199014000000.0,
      "retained_earnings": 191261000000.0,
      "cash_and_equivalents": 284030000000.0,
      "inventory": -1066306000000.0,
      "accounts_receivable": 80486000000.0
    },
    "cash_flow": {
      "operating_cash_flow": 23491000000.0,
      "capital_expenditure": 1236000000.0,
      "free_cash_flow": 24727000000.0,
      "financing_cash_flow": 12091000000.0,
      "investing_cash_flow": -21994000000.0,
      "dividends_paid": 1228000000.0,
      "change_in_cash": 13588000000.0
    }
  },
  "2022-03-31": {
    "income_statement": {
      "total_revenue": 21468000000.0,
      "net_interest_income": 13151000000.0,
      "net_income": 4306000000.0,
      "gross_profit": 18458000000.0,
      "operating_income": 5266000000.0,
      "ebitda": 6281000000.0,
      "research_development": null,
      "selling_general_admin": 6847000000.0,
      "interest_expense": 2280000000.0,
      "income_before_tax": 5266000000.0
    },
    "balance_sheet": {
      "total_assets": 2394105000000.0,
      "total_current_assets": 620846000000.0,
      "total_debt": 488592000000.0,
      "short_term_debt": null,
      "long_term_debt": 253954000000.0,
      "total_current_liabilities": 1847732000000.0,
      "stockholders_equity": 197709000000.0,
      "retained_earnings": 187962000000.0,
      "cash_and_equivalents": 272087000000.0,
      "inventory": -1153956000000.0,
      "accounts_receivable": 89644000000.0
    },
    "cash_flow": {
      "operating_cash_flow": -9247000000.0,
      "capital_expenditure": 1229000000.0,
      "free_cash_flow": -8018000000.0,
      "financing_cash_flow": 58354000000.0,
      "investing_cash_flow": -38820000000.0,
      "dividends_paid": 1286000000.0,
      "change_in_cash": 10287000000.0
    }
  },
  "2021-12-31": {
    "income_statement": {
      "total_revenue": 18332000000.0,
      "net_interest_income": 12828000000.0,
      "net_income": 3173000000.0,
      "gross_profit": 17741000000.0,
      "operating_income": 3950000000.0,
      "ebitda": 4935000000.0,
      "research_development": null,
      "selling_general_admin": 7120000000.0,
      "interest_expense": 1097000000.0,
      "income_before_tax": 3950000000.0
    },
    "balance_sheet": {
      "total_assets": 2291413000000.0,
      "total_current_assets": 596124000000.0,
      "total_debt": 473632000000.0,
      "short_term_debt": null,
      "long_term_debt": 254374000000.0,
      "total_current_liabilities": 1759447000000.0,
      "stockholders_equity": 201972000000.0,
      "retained_earnings": 184948000000.0,
      "cash_and_equivalents": 262033000000.0,
      "inventory": -1029973000000.0,
      "accounts_receivable": 54795000000.0
    },
    "cash_flow": {
      "operating_cash_flow": 2064000000.0,
      "capital_expenditure": 1308000000.0,
      "free_cash_flow": 3372000000.0,
      "financing_cash_flow": -50594000000.0,
      "investing_cash_flow": -12836000000.0,
      "dividends_paid": 1239000000.0,
      "change_in_cash": null
    }
  },
  "2021-09-30": {
    "income_statement": {
      "total_revenue": 19416000000.0,
      "net_interest_income": 12650000000.0,
      "net_income": 4644000000.0,
      "gross_profit": 17661000000.0,
      "operating_income": 5862000000.0,
      "ebitda": 6897000000.0,
      "research_development": null,
      "selling_general_admin": 6080000000.0,
      "interest_expense": 1959000000.0,
      "income_before_tax": 5862000000.0
    },
    "balance_sheet": {
      "total_assets": 2361876000000.0,
      "total_current_assets": 670655000000.0,
      "total_debt": 467243000000.0,
      "short_term_debt": null,
      "long_term_debt": 258274000000.0,
      "total_current_liabilities": 90184000000.0,
      "stockholders_equity": 200875000000.0,
      "retained_earnings": 183024000000.0,
      "cash_and_equivalents": 323808000000.0,
      "inventory": -1063463000000.0,
      "accounts_receivable": 59487000000.0
    },
    "cash_flow": {
      "operating_cash_flow": 35622000000.0,
      "capital_expenditure": 1040000000.0,
      "free_cash_flow": 36662000000.0,
      "financing_cash_flow": 23252000000.0,
      "investing_cash_flow": -33958000000.0,
      "dividends_paid": 1296000000.0,
      "change_in_cash": null
    }
  },
  "2021-06-30": {
    "income_statement": {
      "total_revenue": 19734000000.0,
      "net_interest_income": 12463000000.0,
      "net_income": 6193000000.0,
      "gross_profit": 18834000000.0,
      "operating_income": 7348000000.0,
      "ebitda": 8330000000.0,
      "research_development": null,
      "selling_general_admin": 5997000000.0,
      "interest_expense": 1985000000.0,
      "income_before_tax": 7348000000.0
    },
    "balance_sheet": {
      "total_assets": 2327868000000.0,
      "total_current_assets": 656236000000.0,
      "total_debt": 470743000000.0,
      "short_term_debt": null,
      "long_term_debt": 264758000000.0,
      "total_current_liabilities": 15781000000.0,
      "stockholders_equity": 202159000000.0,
      "retained_earnings": 179686000000.0,
      "cash_and_equivalents": 299238000000.0,
      "inventory": -1039805000000.0,
      "accounts_receivable": 61138000000.0
    },
    "cash_flow": {
      "operating_cash_flow": 365000000.0,
      "capital_expenditure": 941000000.0,
      "free_cash_flow": 1306000000.0,
      "financing_cash_flow": 11359000000.0,
      "investing_cash_flow": -37177000000.0,
      "dividends_paid": 1307000000.0,
      "change_in_cash": null
    }
  },
  "2021-03-31": {
    "income_statement": {
      "total_revenue": 21706000000.0,
      "net_interest_income": 12534000000.0,
      "net_income": 7942000000.0,
      "gross_profit": 21774000000.0,
      "operating_income": 10309000000.0,
      "ebitda": 11271000000.0,
      "research_development": null,
      "selling_general_admin": 6053000000.0,
      "interest_expense": 2028000000.0,
      "income_before_tax": 10309000000.0
    },
    "balance_sheet": {
      "total_assets": 2314266000000.0,
      "total_current_assets": 683038000000.0,
      "total_debt": 507590000000.0,
      "short_term_debt": null,
      "long_term_debt": 256335000000.0,
      "total_current_liabilities": 1792254000000.0,
      "stockholders_equity": 202549000000.0,
      "retained_earnings": 174816000000.0,
      "cash_and_equivalents": 324682000000.0,
      "inventory": 43000000.0,
      "accounts_receivable": 61060000000.0
    },
    "cash_flow": {
      "operating_cash_flow": 23198000000.0,
      "capital_expenditure": 830000000.0,
      "free_cash_flow": 24028000000.0,
      "financing_cash_flow": 33255000000.0,
      "investing_cash_flow": -40934000000.0,
      "dividends_paid": 1356000000.0,
      "change_in_cash": null
    }
  },
  "2020-12-31": {
    "income_statement": {
      "total_revenue": 19077000000.0,
      "net_interest_income": 13047000000.0,
      "net_income": 3979000000.0,
      "gross_profit": 16212000000.0,
      "operating_income": 4998000000.0,
      "ebitda": 6049000000.0,
      "research_development": null,
      "selling_general_admin": 5357000000.0,
      "interest_expense": 2564000000.0,
      "income_before_tax": 4998000000.0
    },
    "balance_sheet": {
      "total_assets": 2260321000000.0,
      "total_current_assets": 684322000000.0,
      "total_debt": 469227000000.0,
      "short_term_debt": null,
      "long_term_debt": 439713000000.0,
      "total_current_liabilities": 79998000000.0,
      "stockholders_equity": 199765000000.0,
      "retained_earnings": 168595000000.0,
      "cash_and_equivalents": 309615000000.0,
      "inventory": 43000000.0,
      "accounts_receivable": 44806000000.0
    },
    "cash_flow": {
      "operating_cash_flow": 1633000000.0,
      "capital_expenditure": 1146000000.0,
      "free_cash_flow": 2779000000.0,
      "financing_cash_flow": -2437000000.0,
      "investing_cash_flow": -12112000000.0,
      "dividends_paid": 1328000000.0,
      "change_in_cash": null
    }
  },
  "2020-09-30": {
    "income_statement": {
      "total_revenue": 20139000000.0,
      "net_interest_income": 13314000000.0,
      "net_income": 3146000000.0,
      "gross_profit": 14976000000.0,
      "operating_income": 3954000000.0,
      "ebitda": 4987000000.0,
      "research_development": null,
      "selling_general_admin": 5653000000.0,
      "interest_expense": 2821000000.0,
      "income_before_tax": 3954000000.0
    },
    "balance_sheet": {
      "total_assets": 2234459000000.0,
      "total_current_assets": 713766000000.0,
      "total_debt": 517920000000.0,
      "short_term_debt": null,
      "long_term_debt": 258554000000.0,
      "total_current_liabilities": 1708607000000.0,
      "stockholders_equity": 193876000000.0,
      "retained_earnings": 165303000000.0,
      "cash_and_equivalents": 323695000000.0,
      "inventory": 42000000.0,
      "accounts_receivable": 52377000000.0
    },
    "cash_flow": {
      "operating_cash_flow": -3046000000.0,
      "capital_expenditure": 982000000.0,
      "free_cash_flow": -2064000000.0,
      "financing_cash_flow": 8309000000.0,
      "investing_cash_flow": 8489000000.0,
      "dividends_paid": 1345000000.0,
      "change_in_cash": null
    }
  }
}