{
  "2025-03-31": {
    "income_statement": {
      "total_revenue": 3032000000.0,
      "net_interest_income": 49000000.0,
      "net_income": 193000000.0,
      "gross_profit": 1532000000.0,
      "operating_income": 155000000.0,
      "ebitda": 351000000.0,
      "research_development": 306000000.0,
      "selling_general_admin": 332000000.0,
      "interest_expense": null,
      "income_before_tax": 198000000.0
    },
    "balance_sheet": {
      "total_assets": 13572000000.0,
      "total_current_assets": 7853000000.0,
      "total_debt": 527000000.0,
      "short_term_debt": null,
      "long_term_debt": null,
      "total_current_liabilities": 4577000000.0,
      "stockholders_equity": 8389000000.0,
      "retained_earnings": -5062000000.0,
      "cash_and_equivalents": 4500000000.0,
      "inventory": null,
      "accounts_receivable": 926000000.0
    },
    "cash_flow": {
      "operating_cash_flow": 635000000.0,
      "capital_expenditure": 74000000.0,
      "free_cash_flow": 709000000.0,
      "financing_cash_flow": 3000000.0,
      "investing_cash_flow": -160000000.0,
      "dividends_paid": null,
      "change_in_cash": null
    }
  },
  "2024-12-31": {
    "income_statement": {
      "total_revenue": 2873000000.0,
      "net_interest_income": 51000000.0,
      "net_income": 141000000.0,
      "gross_profit": 1420000000.0,
      "operating_income": 117000000.0,
      "ebitda": 258000000.0,
      "research_development": 297000000.0,
      "selling_general_admin": 324000000.0,
      "interest_expense": null,
      "income_before_tax": 176000000.0
    },
    "balance_sheet": {
      "total_assets": 12845000000.0,
      "total_current_assets": 7386000000.0,
      "total_debt": 536000000.0,
      "short_term_debt": null,
      "long_term_debt": null,
      "total_current_liabilities": 4438000000.0,
      "stockholders_equity": 7803000000.0,
      "retained_earnings": -5255000000.0,
      "cash_and_equivalents": 4019000000.0,
      "inventory": null,
      "accounts_receivable": 865000000.0
    },
    "cash_flow": {
      "operating_cash_flow": 518000000.0,
      "capital_expenditure": 98000000.0,
      "free_cash_flow": 616000000.0,
      "financing_cash_flow": 7000000.0,
      "investing_cash_flow": -163000000.0,
      "dividends_paid": null,
      "change_in_cash": null
    }
  },
  "2024-09-30": {
    "income_statement": {
      "total_revenue": 2706000000.0,
      "net_interest_income": 54000000.0,
      "net_income": 162000000.0,
      "gross_profit": 1332000000.0,
      "operating_income": 107000000.0,
      "ebitda": 245000000.0,
      "research_development": 289000000.0,
      "selling_general_admin": 315000000.0,
      "interest_expense": null,
      "income_before_tax": 155000000.0
    },
    "balance_sheet": {
      "total_assets": 12277000000.0,
      "total_current_assets": 6760000000.0,
      "total_debt": 532000000.0,
      "short_term_debt": null,
      "long_term_debt": null,
      "total_current_liabilities": 4094000000.0,
      "stockholders_equity": 7569000000.0,
      "retained_earnings": -5396000000.0,
      "cash_and_equivalents": 3664000000.0,
      "inventory": null,
      "accounts_receivable": 622000000.0
    },
    "cash_flow": {
      "operating_cash_flow": 531000000.0,
      "capital_expenditure": 87000000.0,
      "free_cash_flow": 618000000.0,
      "financing_cash_flow": -213000000.0,
      "investing_cash_flow": -62000000.0,
      "dividends_paid": null,
      "change_in_cash": null
    }
  },
  "2024-06-30": {
    "income_statement": {
      "total_revenue": 2630000000.0,
      "net_interest_income": 34000000.0,
      "net_income": -157000000.0,
      "gross_profit": 1105000000.0,
      "operating_income": -199000000.0,
      "ebitda": -61000000.0,
      "research_development": 303000000.0,
      "selling_general_admin": 341000000.0,
      "interest_expense": null,
      "income_before_tax": -157000000.0
    },
    "balance_sheet": {
      "total_assets": 11837000000.0,
      "total_current_assets": 6559000000.0,
      "total_debt": 534000000.0,
      "short_term_debt": null,
      "long_term_debt": null,
      "total_current_liabilities": 4028000000.0,
      "stockholders_equity": 7162000000.0,
      "retained_earnings": -5336000000.0,
      "cash_and_equivalents": 3430000000.0,
      "inventory": null,
      "accounts_receivable": 585000000.0
    },
    "cash_flow": {
      "operating_cash_flow": 530000000.0,
      "capital_expenditure": 79000000.0,
      "free_cash_flow": 609000000.0,
      "financing_cash_flow": -5000000.0,
      "investing_cash_flow": -147000000.0,
      "dividends_paid": null,
      "change_in_cash": null
    }
  },
  "2024-03-31": {
    "income_statement": {
      "total_revenue": 2513000000.0,
      "net_interest_income": 45000000.0,
      "net_income": -23000000.0,
      "gross_profit": 1183000000.0,
      "operating_income": -61000000.0,
      "ebitda": 81000000.0,
      "research_development": 279000000.0,
      "selling_general_admin": 319000000.0,
      "interest_expense": null,
      "income_before_tax": -18000000.0
    },
    "balance_sheet": {
      "total_assets": 11450000000.0,
      "total_current_assets": 6130000000.0,
      "total_debt": 547000000.0,
      "short_term_debt": null,
      "long_term_debt": null,
      "total_current_liabilities": 3743000000.0,
      "stockholders_equity": 6999000000.0,
      "retained_earnings": -5177000000.0,
      "cash_and_equivalents": 3124000000.0,
      "inventory": 394000000.0,
      "accounts_receivable": 546000000.0
    },
    "cash_flow": {
      "operating_cash_flow": 553000000.0,
      "capital_expenditure": 66000000.0,
      "free_cash_flow": 619000000.0,
      "financing_cash_flow": 7000000.0,
      "investing_cash_flow": -72000000.0,
      "dividends_paid": null,
      "change_in_cash": null
    }
  },
  "2023-12-31": {
    "income_statement": {
      "total_revenue": 2303000000.0,
      "net_interest_income": null,
      "net_income": -154000000.0,
      "gross_profit": 1074000000.0,
      "operating_income": -89000000.0,
      "ebitda": 41000000.0,
      "research_development": 253000000.0,
      "selling_general_admin": 320000000.0,
      "interest_expense": 151000000.0,
      "income_before_tax": -139000000.0
    },
    "balance_sheet": {
      "total_assets": 10839000000.0,
      "total_current_assets": 5597000000.0,
      "total_debt": 522000000.0,
      "short_term_debt": null,
      "long_term_debt": null,
      "total_current_liabilities": 3410000000.0,
      "stockholders_equity": 6806000000.0,
      "retained_earnings": -5154000000.0,
      "cash_and_equivalents": 2656000000.0,
      "inventory": 356000000.0,
      "accounts_receivable": 533000000.0
    },
    "cash_flow": {
      "operating_cash_flow": 485000000.0,
      "capital_expenditure": 87000000.0,
      "free_cash_flow": 572000000.0,
      "financing_cash_flow": -50000000.0,
      "investing_cash_flow": -119000000.0,
      "dividends_paid": null,
      "change_in_cash": null
    }
  },
  "2023-09-30": {
    "income_statement": {
      "total_revenue": 2164000000.0,
      "net_interest_income": 40000000.0,
      "net_income": -73000000.0,
      "gross_profit": 1008000000.0,
      "operating_income": -108000000.0,
      "ebitda": 20000000.0,
      "research_development": 250000000.0,
      "selling_general_admin": 289000000.0,
      "interest_expense": null,
      "income_before_tax": -69000000.0
    },
    "balance_sheet": {
      "total_assets": 10013000000.0,
      "total_current_assets": 5142000000.0,
      "total_debt": 493000000.0,
      "short_term_debt": null,
      "long_term_debt": null,
      "total_current_liabilities": 2986000000.0,
      "stockholders_equity": 6559000000.0,
      "retained_earnings": -4949000000.0,
      "cash_and_equivalents": 2344000000.0,
      "inventory": 385000000.0,
      "accounts_receivable": 417000000.0
    },
    "cash_flow": {
      "operating_cash_flow": 398000000.0,
      "capital_expenditure": 74000000.0,
      "free_cash_flow": 472000000.0,
      "financing_cash_flow": -4000000.0,
      "investing_cash_flow": -78000000.0,
      "dividends_paid": null,
      "change_in_cash": null
    }
  },
  "2023-06-30": {
    "income_statement": {
      "total_revenue": 2133000000.0,
      "net_interest_income": 34000000.0,
      "net_income": -170000000.0,
      "gross_profit": 998000000.0,
      "operating_income": -211000000.0,
      "ebitda": -83000000.0,
      "research_development": 269000000.0,
      "selling_general_admin": 341000000.0,
      "interest_expense": null,
      "income_before_tax": -181000000.0
    },
    "balance_sheet": {
      "total_assets": 9601000000.0,
      "total_current_assets": 4605000000.0,
      "total_debt": 498000000.0,
      "short_term_debt": null,
      "long_term_debt": null,
      "total_current_liabilities": 2726000000.0,
      "stockholders_equity": 6396000000.0,
      "retained_earnings": -4870000000.0,
      "cash_and_equivalents": 1904000000.0,
      "inventory": 297000000.0,
      "accounts_receivable": 383000000.0
    },
    "cash_flow": {
      "operating_cash_flow": 393000000.0,
      "capital_expenditure": 82000000.0,
      "free_cash_flow": 475000000.0,
      "financing_cash_flow": -308000000.0,
      "investing_cash_flow": -135000000.0,
      "dividends_paid": null,
      "change_in_cash": -50000000.0
    }
  },
  "2023-03-31": {
    "income_statement": {
      "total_revenue": 2035000000.0,
      "net_interest_income": 28000000.0,
      "net_income": -162000000.0,
      "gross_profit": 966000000.0,
      "operating_income": -169000000.0,
      "ebitda": -46000000.0,
      "research_development": 231000000.0,
      "selling_general_admin": 285000000.0,
      "interest_expense": 1000000.0,
      "income_before_tax": -145000000.0
    },
    "balance_sheet": {
      "total_assets": 9646000000.0,
      "total_current_assets": 4587000000.0,
      "total_debt": 492000000.0,
      "short_term_debt": null,
      "long_term_debt": null,
      "total_current_liabilities": 2651000000.0,
      "stockholders_equity": 6518000000.0,
      "retained_earnings": -4400000000.0,
      "cash_and_equivalents": 1833000000.0,
      "inventory": 290000000.0,
      "accounts_receivable": 382000000.0
    },
    "cash_flow": {
      "operating_cash_flow": 397000000.0,
      "capital_expenditure": 81000000.0,
      "free_cash_flow": 478000000.0,
      "financing_cash_flow": -390000000.0,
      "investing_cash_flow": -10000000.0,
      "dividends_paid": null,
      "change_in_cash": -3000000.0
    }
  },
  "2022-12-31": {
    "income_statement": {
      "total_revenue": 1818000000.0,
      "net_interest_income": 17000000.0,
      "net_income": -642000000.0,
      "gross_profit": 804000000.0,
      "operating_income": -286000000.0,
      "ebitda": -547000000.0,
      "research_development": 250000000.0,
      "selling_general_admin": 300000000.0,
      "interest_expense": 1000000.0,
      "income_before_tax": -659000000.0
    },
    "balance_sheet": {
      "total_assets": 9789000000.0,
      "total_current_assets": 4720000000.0,
      "total_debt": 511000000.0,
      "short_term_debt": null,
      "long_term_debt": null,
      "total_current_liabilities": 2544000000.0,
      "stockholders_equity": 6754000000.0,
      "retained_earnings": -3846000000.0,
      "cash_and_equivalents": 1977000000.0,
      "inventory": 441000000.0,
      "accounts_receivable": 400000000.0
    },
    "cash_flow": {
      "operating_cash_flow": 23000000.0,
      "capital_expenditure": 96000000.0,
      "free_cash_flow": 119000000.0,
      "financing_cash_flow": 1000000.0,
      "investing_cash_flow": -181000000.0,
      "dividends_paid": null,
      "change_in_cash": null
    }
  },
  "2022-09-30": {
    "income_statement": {
      "total_revenue": 1701000000.0,
      "net_interest_income": 9000000.0,
      "net_income": -296000000.0,
      "gross_profit": 770000000.0,
      "operating_income": -308000000.0,
      "ebitda": -185000000.0,
      "research_development": 226000000.0,
      "selling_general_admin": 316000000.0,
      "interest_expense": 9000000.0,
      "income_before_tax": -301000000.0
    },
    "balance_sheet": {
      "total_assets": 9552000000.0,
      "total_current_assets": 4690000000.0,
      "total_debt": 505000000.0,
      "short_term_debt": null,
      "long_term_debt": null,
      "total_current_liabilities": 2216000000.0,
      "stockholders_equity": 6825000000.0,
      "retained_earnings": -3206000000.0,
      "cash_and_equivalents": 2320000000.0,
      "inventory": null,
      "accounts_receivable": 325000000.0
    },
    "cash_flow": {
      "operating_cash_flow": 199000000.0,
      "capital_expenditure": 100000000.0,
      "free_cash_flow": 299000000.0,
      "financing_cash_flow": -384000000.0,
      "investing_cash_flow": -199000000.0,
      "dividends_paid": null,
      "change_in_cash": -384000000.0
    }
  },
  "2022-06-30": {
    "income_statement": {
      "total_revenue": 1608000000.0,
      "net_interest_income": 5000000.0,
      "net_income": -263000000.0,
      "gross_profit": 728000000.0,
      "operating_income": -273000000.0,
      "ebitda": -190000000.0,
      "research_development": 205000000.0,
      "selling_general_admin": 294000000.0,
      "interest_expense": 1000000.0,
      "income_before_tax": -272000000.0
    },
    "balance_sheet": {
      "total_assets": 9928000000.0,
      "total_current_assets": 4833000000.0,
      "total_debt": 496000000.0,
      "short_term_debt": null,
      "long_term_debt": null,
      "total_current_liabilities": 2026000000.0,
      "stockholders_equity": 7410000000.0,
      "retained_earnings": -2511000000.0,
      "cash_and_equivalents": 2727000000.0,
      "inventory": null,
      "accounts_receivable": 346000000.0
    },
    "cash_flow": {
      "operating_cash_flow": 165000000.0,
      "capital_expenditure": 79000000.0,
      "free_cash_flow": 244000000.0,
      "financing_cash_flow": 3000000.0,
      "investing_cash_flow": 326000000.0,
      "dividends_paid": null,
      "change_in_cash": 494000000.0
    }
  },
  "2022-03-31": {
    "income_statement": {
      "total_revenue": 1456000000.0,
      "net_interest_income": 1000000.0,
      "net_income": -161000000.0,
      "gross_profit": 693000000.0,
      "operating_income": -173000000.0,
      "ebitda": -108000000.0,
      "research_development": 148000000.0,
      "selling_general_admin": 245000000.0,
      "interest_expense": 1000000.0,
      "income_before_tax": -167000000.0
    },
    "balance_sheet": {
      "total_assets": 6822000000.0,
      "total_current_assets": 4418000000.0,
      "total_debt": 422000000.0,
      "short_term_debt": null,
      "long_term_debt": null,
      "total_current_liabilities": 1760000000.0,
      "stockholders_equity": 4652000000.0,
      "retained_earnings": -2248000000.0,
      "cash_and_equivalents": 2243000000.0,
      "inventory": null,
      "accounts_receivable": 321000000.0
    },
    "cash_flow": {
      "operating_cash_flow": -20000000.0,
      "capital_expenditure": 71000000.0,
      "free_cash_flow": 51000000.0,
      "financing_cash_flow": 5000000.0,
      "investing_cash_flow": -246000000.0,
      "dividends_paid": null,
      "change_in_cash": -261000000.0
    }
  },
  "2021-12-31": {
    "income_statement": {
      "total_revenue": 1300000000.0,
      "net_interest_income": 1000000.0,
      "net_income": -155000000.0,
      "gross_profit": 665000000.0,
      "operating_income": -152000000.0,
      "ebitda": -103000000.0,
      "research_development": 133000000.0,
      "selling_general_admin": 224000000.0,
      "interest_expense": 1000000.0,
      "income_before_tax": -153000000.0
    },
    "balance_sheet": {
      "total_assets": 6809000000.0,
      "total_current_assets": 4565000000.0,
      "total_debt": 399000000.0,
      "short_term_debt": null,
      "long_term_debt": null,
      "total_current_liabilities": 1760000000.0,
      "stockholders_equity": 4667000000.0,
      "retained_earnings": -2081000000.0,
      "cash_and_equivalents": 2504000000.0,
      "inventory": null,
      "accounts_receivable": 349000000.0
    },
    "cash_flow": {
      "operating_cash_flow": 167000000.0,
      "capital_expenditure": 70000000.0,
      "free_cash_flow": 237000000.0,
      "financing_cash_flow": 4000000.0,
      "investing_cash_flow": -527000000.0,
      "dividends_paid": null,
      "change_in_cash": -356000000.0
    }
  },
  "2021-09-30": {
    "income_statement": {
      "total_revenue": 1275000000.0,
      "net_interest_income": 0.0,
      "net_income": -101000000.0,
      "gross_profit": 690000000.0,
      "operating_income": -100000000.0,
      "ebitda": -60000000.0,
      "research_development": 115000000.0,
      "selling_general_admin": 188000000.0,
      "interest_expense": 0.0,
      "income_before_tax": -101000000.0
    },
    "balance_sheet": {
      "total_assets": 6358000000.0,
      "total_current_assets": 4707000000.0,
      "total_debt": 366000000.0,
      "short_term_debt": null,
      "long_term_debt": null,
      "total_current_liabilities": 1339000000.0,
      "stockholders_equity": 4666000000.0,
      "retained_earnings": -1926000000.0,
      "cash_and_equivalents": 2861000000.0,
      "inventory": null,
      "accounts_receivable": 286000000.0
    },
    "cash_flow": {
      "operating_cash_flow": 107000000.0,
      "capital_expenditure": 59000000.0,
      "free_cash_flow": 166000000.0,
      "financing_cash_flow": 5000000.0,
      "investing_cash_flow": -584000000.0,
      "dividends_paid": null,
      "change_in_cash": -472000000.0
    }
  },
  "2021-06-30": {
    "income_statement": {
      "total_revenue": 1236000000.0,
      "net_interest_income": 0.0,
      "net_income": -102000000.0,
      "gross_profit": 681000000.0,
      "operating_income": -99000000.0,
      "ebitda": -62000000.0,
      "research_development": 100000000.0,
      "selling_general_admin": 216000000.0,
      "interest_expense": 1000000.0,
      "income_before_tax": -100000000.0
    },
    "balance_sheet": {
      "total_assets": 6182000000.0,
      "total_current_assets": 5179000000.0,
      "total_debt": 321000000.0,
      "short_term_debt": null,
      "long_term_debt": null,
      "total_current_liabilities": 1251000000.0,
      "stockholders_equity": 4619000000.0,
      "retained_earnings": -1825000000.0,
      "cash_and_equivalents": 3334000000.0,
      "inventory": null,
      "accounts_receivable": 245000000.0
    },
    "cash_flow": {
      "operating_cash_flow": 252000000.0,
      "capital_expenditure": 54000000.0,
      "free_cash_flow": 306000000.0,
      "financing_cash_flow": 4000000.0,
      "investing_cash_flow": -929000000.0,
      "dividends_paid": null,
      "change_in_cash": -673000000.0
    }
  },
  "2021-03-31": {
    "income_statement": {
      "total_revenue": 1077000000.0,
      "net_interest_income": 2000000.0,
      "net_income": -110000000.0,
      "gross_profit": 514000000.0,
      "operating_income": -99000000.0,
      "ebitda": -68000000.0,
      "research_development": 82000000.0,
      "selling_general_admin": 169000000.0,
      "interest_expense": 12000000.0,
      "income_before_tax": -109000000.0
    },
    "balance_sheet": {
      "total_assets": 5902000000.0,
      "total_current_assets": 5025000000.0,
      "total_debt": 259000000.0,
      "short_term_debt": null,
      "long_term_debt": null,
      "total_current_liabilities": 1094000000.0,
      "stockholders_equity": 4555000000.0,
      "retained_earnings": -1723000000.0,
      "cash_and_equivalents": 4007000000.0,
      "inventory": null,
      "accounts_receivable": 282000000.0
    },
    "cash_flow": {
      "operating_cash_flow": 166000000.0,
      "capital_expenditure": 54000000.0,
      "free_cash_flow": 220000000.0,
      "financing_cash_flow": -496000000.0,
      "investing_cash_flow": -7000000.0,
      "dividends_paid": null,
      "change_in_cash": -337000000.0
    }
  },
  "2020-12-31": {
    "income_statement": {
      "total_revenue": 970000000.0,
      "net_interest_income": 1000000.0,
      "net_income": -312000000.0,
      "gross_profit": 501000000.0,
      "operating_income": -305000000.0,
      "ebitda": -270000000.0,
      "research_development": 209000000.0,
      "selling_general_admin": 219000000.0,
      "interest_expense": 10000000.0,
      "income_before_tax": -311000000.0
    },
    "balance_sheet": {
      "total_assets": 6353000000.0,
      "total_current_assets": 5517000000.0,
      "total_debt": 617000000.0,
      "short_term_debt": null,
      "long_term_debt": null,
      "total_current_liabilities": 1402000000.0,
      "stockholders_equity": 4700000000.0,
      "retained_earnings": -1613000000.0,
      "cash_and_equivalents": 4345000000.0,
      "inventory": null,
      "accounts_receivable": 291000000.0
    },
    "cash_flow": {
      "operating_cash_flow": -63000000.0,
      "capital_expenditure": 37000000.0,
      "free_cash_flow": -26000000.0,
      "financing_cash_flow": 3282000000.0,
      "investing_cash_flow": -63000000.0,
      "dividends_paid": null,
      "change_in_cash": null
    }
  },
  "2020-09-30": {
    "income_statement": {
      "total_revenue": 879000000.0,
      "net_interest_income": 1000000.0,
      "net_income": -43000000.0,
      "gross_profit": 497000000.0,
      "operating_income": -35000000.0,
      "ebitda": 1000000.0,
      "research_development": 41000000.0,
      "selling_general_admin": 167000000.0,
      "interest_expense": 9000000.0,
      "income_before_tax": -42000000.0
    },
    "balance_sheet": {
      "total_assets": 2874000000.0,
      "total_current_assets": 1990000000.0,
      "total_debt": 606000000.0,
      "short_term_debt": null,
      "long_term_debt": 355000000.0,
      "total_current_liabilities": 834000000.0,
      "stockholders_equity": 1433000000.0,
      "retained_earnings": -1301000000.0,
      "cash_and_equivalents": 1096000000.0,
      "inventory": null,
      "accounts_receivable": 182000000.0
    },
    "cash_flow": {
      "operating_cash_flow": 230000000.0,
      "capital_expenditure": 64000000.0,
      "free_cash_flow": 294000000.0,
      "financing_cash_flow": -2000000.0,
      "investing_cash_flow": -66000000.0,
      "dividends_paid": null,
      "change_in_cash": null
    }
  },
  "2020-06-30": {
    "income_statement": {
      "total_revenue": 675000000.0,
      "net_interest_income": 2000000.0,
      "net_income": 23000000.0,
      "gross_profit": 352000000.0,
      "operating_income": 27000000.0,
      "ebitda": 63000000.0,
      "research_development": 38000000.0,
      "selling_general_admin": 88000000.0,
      "interest_expense": 9000000.0,
      "income_before_tax": 23000000.0
    },
    "balance_sheet": {
      "total_assets": 6353000000.0,
      "total_current_assets": 5517000000.0,
      "total_debt": null,
      "short_term_debt": null,
      "long_term_debt": null,
      "total_current_liabilities": 1402000000.0,
      "stockholders_equity": 4700000000.0,
      "retained_earnings": null,
      "cash_and_equivalents": 4345000000.0,
      "inventory": null,
      "accounts_receivable": 291000000.0
    },
    "cash_flow": {
      "operating_cash_flow": 210000000.0,
      "capital_expenditure": 26000000.0,
      "free_cash_flow": 236000000.0,
      "financing_cash_flow": 380000000.0,
      "investing_cash_flow": -68000000.0,
      "dividends_paid": null,
      "change_in_cash": null
    }
  }
}