{
  "2025-03-31": {
    "income_statement": {
      "total_revenue": 107979000.0,
      "net_interest_income": 431000.0,
      "net_income": 28812000.0,
      "gross_profit": 100873000.0,
      "operating_income": 35149000.0,
      "ebitda": 37163000.0,
      "research_development": null,
      "selling_general_admin": 27510000.0,
      "interest_expense": 1758000.0,
      "income_before_tax": 33868000.0
    },
    "balance_sheet": {
      "total_assets": 315655000.0,
      "total_current_assets": 298784000.0,
      "total_debt": 75469000.0,
      "short_term_debt": null,
      "long_term_debt": 75000000.0,
      "total_current_liabilities": 34775000.0,
      "stockholders_equity": 199463000.0,
      "retained_earnings": -123635000.0,
      "cash_and_equivalents": 47002000.0,
      "inventory": null,
      "accounts_receivable": 194672000.0
    },
    "cash_flow": {
      "operating_cash_flow": 45247000.0,
      "capital_expenditure": 37000.0,
      "free_cash_flow": 45284000.0,
      "financing_cash_flow": -19906000.0,
      "investing_cash_flow": -28057000.0,
      "dividends_paid": null,
      "change_in_cash": null
    }
  },
  "2024-12-31": {
    "income_statement": {
      "total_revenue": 100840000.0,
      "net_interest_income": 513000.0,
      "net_income": 16806000.0,
      "gross_profit": 94556000.0,
      "operating_income": 20993000.0,
      "ebitda": 21678000.0,
      "research_development": null,
      "selling_general_admin": 27198000.0,
      "interest_expense": 1843000.0,
      "income_before_tax": 17493000.0
    },
    "balance_sheet": {
      "total_assets": 299327000.0,
      "total_current_assets": 282272000.0,
      "total_debt": 75554000.0,
      "short_term_debt": null,
      "long_term_debt": 75000000.0,
      "total_current_liabilities": 35061000.0,
      "stockholders_equity": 183101000.0,
      "retained_earnings": -152447000.0,
      "cash_and_equivalents": 49718000.0,
      "inventory": null,
      "accounts_receivable": 175857000.0
    },
    "cash_flow": {
      "operating_cash_flow": 41714000.0,
      "capital_expenditure": 1828000.0,
      "free_cash_flow": 43542000.0,
      "financing_cash_flow": -127000.0,
      "investing_cash_flow": -26815000.0,
      "dividends_paid": null,
      "change_in_cash": null
    }
  },
  "2024-09-30": {
    "income_statement": {
      "total_revenue": 92489000.0,
      "net_interest_income": 439000.0,
      "net_income": 466000.0,
      "gross_profit": 83913000.0,
      "operating_income": 2550000.0,
      "ebitda": 4642000.0,
      "research_development": null,
      "selling_general_admin": 30763000.0,
      "interest_expense": 1964000.0,
      "income_before_tax": 839000.0
    },
    "balance_sheet": {
      "total_assets": 272242000.0,
      "total_current_assets": 254670000.0,
      "total_debt": 836000.0,
      "short_term_debt": null,
      "long_term_debt": 75000000.0,
      "total_current_liabilities": 37416000.0,
      "stockholders_equity": 155815000.0,
      "retained_earnings": -169253000.0,
      "cash_and_equivalents": 35059000.0,
      "inventory": null,
      "accounts_receivable": 165533000.0
    },
    "cash_flow": {
      "operating_cash_flow": 37032000.0,
      "capital_expenditure": 3702000.0,
      "free_cash_flow": 40734000.0,
      "financing_cash_flow": 62000.0,
      "investing_cash_flow": -50635000.0,
      "dividends_paid": null,
      "change_in_cash": null
    }
  },
  "2024-06-30": {
    "income_statement": {
      "total_revenue": 80117000.0,
      "net_interest_income": 537000.0,
      "net_income": 6358000.0,
      "gross_profit": 72323000.0,
      "operating_income": 5669000.0,
      "ebitda": 8307000.0,
      "research_development": null,
      "selling_general_admin": 24515000.0,
      "interest_expense": 1965000.0,
      "income_before_tax": 4576000.0
    },
    "balance_sheet": {
      "total_assets": 247164000.0,
      "total_current_assets": 229512000.0,
      "total_debt": 75703000.0,
      "short_term_debt": null,
      "long_term_debt": 75000000.0,
      "total_current_liabilities": 26462000.0,
      "stockholders_equity": 141757000.0,
      "retained_earnings": -169719000.0,
      "cash_and_equivalents": 48600000.0,
      "inventory": null,
      "accounts_receivable": 127959000.0
    },
    "cash_flow": {
      "operating_cash_flow": 28047000.0,
      "capital_expenditure": 2310000.0,
      "free_cash_flow": 30357000.0,
      "financing_cash_flow": -454000.0,
      "investing_cash_flow": -34518000.0,
      "dividends_paid": null,
      "change_in_cash": null
    }
  },
  "2024-03-31": {
    "income_statement": {
      "total_revenue": 73630000.0,
      "net_interest_income": 1495000.0,
      "net_income": 34243000.0,
      "gross_profit": 41355000.0,
      "operating_income": 5399000.0,
      "ebitda": 41397000.0,
      "research_development": null,
      "selling_general_admin": 24552000.0,
      "interest_expense": 2217000.0,
      "income_before_tax": 37446000.0
    },
    "balance_sheet": {
      "total_assets": 235599000.0,
      "total_current_assets": 218340000.0,
      "total_debt": 75770000.0,
      "short_term_debt": null,
      "long_term_debt": 75000000.0,
      "total_current_liabilities": 29246000.0,
      "stockholders_equity": 127314000.0,
      "retained_earnings": -176077000.0,
      "cash_and_equivalents": 55525000.0,
      "inventory": null,
      "accounts_receivable": 105123000.0
    },
    "cash_flow": {
      "operating_cash_flow": 18344000.0,
      "capital_expenditure": 1604000.0,
      "free_cash_flow": 19948000.0,
      "financing_cash_flow": -70476000.0,
      "investing_cash_flow": 66125000.0,
      "dividends_paid": null,
      "change_in_cash": null
    }
  },
  "2023-12-31": {
    "income_statement": {
      "total_revenue": 73200000.0,
      "net_interest_income": 1286000.0,
      "net_income": 179000.0,
      "gross_profit": 42200000.0,
      "operating_income": 1900000.0,
      "ebitda": 4886000.0,
      "research_development": null,
      "selling_general_admin": 23530000.0,
      "interest_expense": 2792000.0,
      "income_before_tax": 300000.0
    },
    "balance_sheet": {
      "total_assets": 294023000.0,
      "total_current_assets": 276886000.0,
      "total_debt": 181292000.0,
      "short_term_debt": null,
      "long_term_debt": 180451000.0,
      "total_current_liabilities": 25604000.0,
      "stockholders_equity": 87063000.0,
      "retained_earnings": -210320000.0,
      "cash_and_equivalents": 41759000.0,
      "inventory": null,
      "accounts_receivable": 112846000.0
    },
    "cash_flow": {
      "operating_cash_flow": 15633000.0,
      "capital_expenditure": 2037000.0,
      "free_cash_flow": 17670000.0,
      "financing_cash_flow": 18000.0,
      "investing_cash_flow": -17372000.0,
      "dividends_paid": null,
      "change_in_cash": null
    }
  },
  "2023-09-30": {
    "income_statement": {
      "total_revenue": 65811000.0,
      "net_interest_income": 1332000.0,
      "net_income": -12053000.0,
      "gross_profit": 58747000.0,
      "operating_income": -122441000.0,
      "ebitda": -7552000.0,
      "research_development": null,
      "selling_general_admin": 23081000.0,
      "interest_expense": 3057000.0,
      "income_before_tax": -12044000.0
    },
    "balance_sheet": {
      "total_assets": 294447000.0,
      "total_current_assets": 278369000.0,
      "total_debt": 180266000.0,
      "short_term_debt": null,
      "long_term_debt": 179654000.0,
      "total_current_liabilities": 34881000.0,
      "stockholders_equity": 79181000.0,
      "retained_earnings": -210499000.0,
      "cash_and_equivalents": 43608000.0,
      "inventory": 813000.0,
      "accounts_receivable": 97124000.0
    },
    "cash_flow": {
      "operating_cash_flow": 15369000.0,
      "capital_expenditure": 1884000.0,
      "free_cash_flow": 17253000.0,
      "financing_cash_flow": 15000.0,
      "investing_cash_flow": -20719000.0,
      "dividends_paid": null,
      "change_in_cash": null
    }
  },
  "2023-06-30": {
    "income_statement": {
      "total_revenue": 61235000.0,
      "net_interest_income": 1485000.0,
      "net_income": -22618000.0,
      "gross_profit": 54003000.0,
      "operating_income": -132412000.0,
      "ebitda": -18367000.0,
      "research_development": null,
      "selling_general_admin": 23932000.0,
      "interest_expense": 3027000.0,
      "income_before_tax": -22611000.0
    },
    "balance_sheet": {
      "total_assets": 296012000.0,
      "total_current_assets": 281100000.0,
      "total_debt": 179547000.0,
      "short_term_debt": null,
      "long_term_debt": 75000000.0,
      "total_current_liabilities": 31982000.0,
      "stockholders_equity": 84118000.0,
      "retained_earnings": -198446000.0,
      "cash_and_equivalents": 49346000.0,
      "inventory": 821000.0,
      "accounts_receivable": 88654000.0
    },
    "cash_flow": {
      "operating_cash_flow": 9681000.0,
      "capital_expenditure": 2452000.0,
      "free_cash_flow": 12133000.0,
      "financing_cash_flow": 1000.0,
      "investing_cash_flow": -12090000.0,
      "dividends_paid": null,
      "change_in_cash": -2408000.0
    }
  },
  "2023-03-31": {
    "income_statement": {
      "total_revenue": 58900000.0,
      "net_interest_income": 1192000.0,
      "net_income": -14008000.0,
      "gross_profit": 51800000.0,
      "operating_income": 97011000.0,
      "ebitda": -9825000.0,
      "research_development": null,
      "selling_general_admin": 24400000.0,
      "interest_expense": 2898000.0,
      "income_before_tax": -14000000.0
    },
    "balance_sheet": {
      "total_assets": 305443000.0,
      "total_current_assets": 291646000.0,
      "total_debt": 178841000.0,
      "short_term_debt": null,
      "long_term_debt": 75000000.0,
      "total_current_liabilities": 26318000.0,
      "stockholders_equity": 100080000.0,
      "retained_earnings": -175828000.0,
      "cash_and_equivalents": 51754000.0,
      "inventory": 824000.0,
      "accounts_receivable": 80161000.0
    },
    "cash_flow": {
      "operating_cash_flow": -6929000.0,
      "capital_expenditure": 2210000.0,
      "free_cash_flow": -4719000.0,
      "financing_cash_flow": -12000.0,
      "investing_cash_flow": 35806000.0,
      "dividends_paid": null,
      "change_in_cash": 28865000.0
    }
  },
  "2022-12-31": {
    "income_statement": {
      "total_revenue": 59600000.0,
      "net_interest_income": 1122000.0,
      "net_income": -21500000.0,
      "gross_profit": 51300000.0,
      "operating_income": -21284000.0,
      "ebitda": -19700000.0,
      "research_development": null,
      "selling_general_admin": 22100000.0,
      "interest_expense": 2922000.0,
      "income_before_tax": -21600000.0
    },
    "balance_sheet": {
      "total_assets": 321492000.0,
      "total_current_assets": 308568000.0,
      "total_debt": 178148000.0,
      "short_term_debt": null,
      "long_term_debt": 75000000.0,
      "total_current_liabilities": 36417000.0,
      "stockholders_equity": 106560000.0,
      "retained_earnings": -161803000.0,
      "cash_and_equivalents": 22889000.0,
      "inventory": 831000.0,
      "accounts_receivable": 104183000.0
    },
    "cash_flow": {
      "operating_cash_flow": -3939000.0,
      "capital_expenditure": 2360000.0,
      "free_cash_flow": -1579000.0,
      "financing_cash_flow": 10007000.0,
      "investing_cash_flow": -21651000.0,
      "dividends_paid": null,
      "change_in_cash": -15583000.0
    }
  },
  "2022-09-30": {
    "income_statement": {
      "total_revenue": 56800000.0,
      "net_interest_income": 1200000.0,
      "net_income": -47526000.0,
      "gross_profit": 47300000.0,
      "operating_income": -41422000.0,
      "ebitda": -41228000.0,
      "research_development": null,
      "selling_general_admin": 24300000.0,
      "interest_expense": 2403000.0,
      "income_before_tax": -47500000.0
    },
    "balance_sheet": {
      "total_assets": 334226000.0,
      "total_current_assets": 322297000.0,
      "total_debt": 167437000.0,
      "short_term_debt": null,
      "long_term_debt": 45000000.0,
      "total_current_liabilities": 63226000.0,
      "stockholders_equity": 123225000.0,
      "retained_earnings": -140311000.0,
      "cash_and_equivalents": 38558000.0,
      "inventory": -87608000.0,
      "accounts_receivable": 87608000.0
    },
    "cash_flow": {
      "operating_cash_flow": -14316000.0,
      "capital_expenditure": 2208000.0,
      "free_cash_flow": -12108000.0,
      "financing_cash_flow": 10086000.0,
      "investing_cash_flow": 16664000.0,
      "dividends_paid": null,
      "change_in_cash": 12434000.0
    }
  },
  "2022-06-30": {
    "income_statement": {
      "total_revenue": 45800000.0,
      "net_interest_income": 647000.0,
      "net_income": -27122000.0,
      "gross_profit": 38200000.0,
      "operating_income": -49169000.0,
      "ebitda": -23128000.0,
      "research_development": null,
      "selling_general_admin": 39100000.0,
      "interest_expense": 2288000.0,
      "income_before_tax": -27100000.0
    },
    "balance_sheet": {
      "total_assets": 358500000.0,
      "total_current_assets": 345587000.0,
      "total_debt": 157739000.0,
      "short_term_debt": null,
      "long_term_debt": 35000000.0,
      "total_current_liabilities": 57419000.0,
      "stockholders_equity": 163272000.0,
      "retained_earnings": -92807000.0,
      "cash_and_equivalents": 26379000.0,
      "inventory": -270433000.0,
      "accounts_receivable": 76086000.0
    },
    "cash_flow": {
      "operating_cash_flow": 10851000.0,
      "capital_expenditure": 2258000.0,
      "free_cash_flow": 13109000.0,
      "financing_cash_flow": -50000.0,
      "investing_cash_flow": -7991000.0,
      "dividends_paid": null,
      "change_in_cash": -8356000.0
    }
  },
  "2022-03-31": {
    "income_statement": {
      "total_revenue": 42600000.0,
      "net_interest_income": 13000.0,
      "net_income": -34822000.0,
      "gross_profit": 36100000.0,
      "operating_income": -24758000.0,
      "ebitda": -30201000.0,
      "research_development": null,
      "selling_general_admin": 17900000.0,
      "interest_expense": 1555000.0,
      "income_before_tax": -34800000.0
    },
    "balance_sheet": {
      "total_assets": 387774000.0,
      "total_current_assets": 375008000.0,
      "total_debt": 157377000.0,
      "short_term_debt": null,
      "long_term_debt": 35000000.0,
      "total_current_liabilities": 58790000.0,
      "stockholders_equity": 174440000.0,
      "retained_earnings": -67732000.0,
      "cash_and_equivalents": 23569000.0,
      "inventory": -61813000.0,
      "accounts_receivable": 61813000.0
    },
    "cash_flow": {
      "operating_cash_flow": -37479000.0,
      "capital_expenditure": 2486000.0,
      "free_cash_flow": -34993000.0,
      "financing_cash_flow": 301724000.0,
      "investing_cash_flow": -272601000.0,
      "dividends_paid": null,
      "change_in_cash": -8356000.0
    }
  },
  "2021-12-31": {
    "income_statement": {
      "total_revenue": 41200000.0,
      "net_interest_income": 587057.0,
      "net_income": -15200000.0,
      "gross_profit": 34700000.0,
      "operating_income": 32276000.0,
      "ebitda": -14536000.0,
      "research_development": null,
      "selling_general_admin": 14900000.0,
      "interest_expense": 1374000.0,
      "income_before_tax": -15100000.0
    },
    "balance_sheet": {
      "total_assets": 147186000.0,
      "total_current_assets": 100203000.0,
      "total_debt": 73636000.0,
      "short_term_debt": null,
      "long_term_debt": 35000000.0,
      "total_current_liabilities": 68634000.0,
      "stockholders_equity": -33400000.0,
      "retained_earnings": -32897000.0,
      "cash_and_equivalents": 32000000.0,
      "inventory": 14747000.0,
      "accounts_receivable": 49013000.0
    },
    "cash_flow": {
      "operating_cash_flow": -18601000.0,
      "capital_expenditure": 2347000.0,
      "free_cash_flow": -16254000.0,
      "financing_cash_flow": 26170000.0,
      "investing_cash_flow": 3220000.0,
      "dividends_paid": null,
      "change_in_cash": -39818.0
    }
  },
  "2021-09-30": {
    "income_statement": {
      "total_revenue": 40198000.0,
      "net_interest_income": 470000.0,
      "net_income": -7889000.0,
      "gross_profit": 33993000.0,
      "operating_income": -15671000.0,
      "ebitda": -2676840.0,
      "research_development": null,
      "selling_general_admin": 15432000.0,
      "interest_expense": 709000.0,
      "income_before_tax": -7895000.0
    },
    "balance_sheet": {
      "total_assets": 133856000.0,
      "total_current_assets": 89578000.0,
      "total_debt": 48707000.0,
      "short_term_debt": null,
      "long_term_debt": 30717000.0,
      "total_current_liabilities": 44897000.0,
      "stockholders_equity": 52627100.0,
      "retained_earnings": -17705000.0,
      "cash_and_equivalents": 21307000.0,
      "inventory": 6170000.0,
      "accounts_receivable": 44868000.0
    },
    "cash_flow": {
      "operating_cash_flow": -21217000.0,
      "capital_expenditure": 1841000.0,
      "free_cash_flow": -19376000.0,
      "financing_cash_flow": 20883000.0,
      "investing_cash_flow": 13354000.0,
      "dividends_paid": null,
      "change_in_cash": null
    }
  },
  "2021-06-30": {
    "income_statement": {
      "total_revenue": 37229000.0,
      "net_interest_income": 70000.0,
      "net_income": -864000.0,
      "gross_profit": 31734000.0,
      "operating_income": -6272000.0,
      "ebitda": -1864000.0,
      "research_development": 600000.0,
      "selling_general_admin": 9869000.0,
      "interest_expense": 508000.0,
      "income_before_tax": -851000.0
    },
    "balance_sheet": {
      "total_assets": 255569021.0,
      "total_current_assets": 1790141.0,
      "total_debt": 25667000.0,
      "short_term_debt": null,
      "long_term_debt": null,
      "total_current_liabilities": 1701821.0,
      "stockholders_equity": 224534945.0,
      "retained_earnings": -5129070.0,
      "cash_and_equivalents": 703038.0,
      "inventory": null,
      "accounts_receivable": null
    },
    "cash_flow": {
      "operating_cash_flow": 798000.0,
      "capital_expenditure": 18000.0,
      "free_cash_flow": 816000.0,
      "financing_cash_flow": 2424000.0,
      "investing_cash_flow": -18483000.0,
      "dividends_paid": null,
      "change_in_cash": null
    }
  },
  "2021-03-31": {
    "income_statement": {
      "total_revenue": 34426000.0,
      "net_interest_income": 70000.0,
      "net_income": 3952000.0,
      "gross_profit": 29206000.0,
      "operating_income": -10333000.0,
      "ebitda": 7033000.0,
      "research_development": 600000.0,
      "selling_general_admin": 9384000.0,
      "interest_expense": 277000.0,
      "income_before_tax": 3944000.0
    },
    "balance_sheet": {
      "total_assets": 255889508.0,
      "total_current_assets": 2119838.0,
      "total_debt": null,
      "short_term_debt": null,
      "long_term_debt": null,
      "total_current_liabilities": 83521.0,
      "stockholders_equity": 228013609.0,
      "retained_earnings": -1650406.0,
      "cash_and_equivalents": 866232.0,
      "inventory": null,
      "accounts_receivable": null
    },
    "cash_flow": {
      "operating_cash_flow": -1680000.0,
      "capital_expenditure": 3303000.0,
      "free_cash_flow": 1623000.0,
      "financing_cash_flow": 15569000.0,
      "investing_cash_flow": 4909000.0,
      "dividends_paid": null,
      "change_in_cash": null
    }
  },
  "2020-12-31": {
    "income_statement": {
      "total_revenue": 35452000.0,
      "net_interest_income": 70000.0,
      "net_income": -34610000.0,
      "gross_profit": 29502000.0,
      "operating_income": -10127000.0,
      "ebitda": -13147000.0,
      "research_development": 1100000.0,
      "selling_general_admin": 7312000.0,
      "interest_expense": 14000.0,
      "income_before_tax": -13660000.0
    },
    "balance_sheet": {
      "total_assets": 76405000.0,
      "total_current_assets": 69352000.0,
      "total_debt": 6106000.0,
      "short_term_debt": null,
      "long_term_debt": 708000.0,
      "total_current_liabilities": 24180000.0,
      "stockholders_equity": 49844100.0,
      "retained_earnings": -12904000.0,
      "cash_and_equivalents": 4789000.0,
      "inventory": 4091000.0,
      "accounts_receivable": 38744000.0
    },
    "cash_flow": {
      "operating_cash_flow": -4826000.0,
      "capital_expenditure": 1254000.0,
      "free_cash_flow": -3572000.0,
      "financing_cash_flow": 4062000.0,
      "investing_cash_flow": 740000.0,
      "dividends_paid": null,
      "change_in_cash": null
    }
  },
  "2020-09-30": {
    "income_statement": {
      "total_revenue": 32047000.0,
      "net_interest_income": null,
      "net_income": 6077000.0,
      "gross_profit": 21305000.0,
      "operating_income": -1545000.0,
      "ebitda": -1527000.0,
      "research_development": 400000.0,
      "selling_general_admin": 307000.0,
      "interest_expense": null,
      "income_before_tax": -3656000.0
    },
    "balance_sheet": {
      "total_assets": null,
      "total_current_assets": null,
      "total_debt": null,
      "short_term_debt": null,
      "long_term_debt": null,
      "total_current_liabilities": null,
      "stockholders_equity": null,
      "retained_earnings": null,
      "cash_and_equivalents": null,
      "inventory": null,
      "accounts_receivable": null
    },
    "cash_flow": {
      "operating_cash_flow": -12993000.0,
      "capital_expenditure": 40000.0,
      "free_cash_flow": -12953000.0,
      "financing_cash_flow": 128000.0,
      "investing_cash_flow": 4665000.0,
      "dividends_paid": null,
      "change_in_cash": null
    }
  },
  "2020-06-30": {
    "income_statement": {
      "total_revenue": 27148500.0,
      "net_interest_income": null,
      "net_income": 678000.0,
      "gross_profit": 17688500.0,
      "operating_income": 5155000.0,
      "ebitda": 5205500.0,
      "research_development": 350000.0,
      "selling_general_admin": 312500.0,
      "interest_expense": null,
      "income_before_tax": 5252000.0
    },
    "balance_sheet": {
      "total_assets": null,
      "total_current_assets": null,
      "total_debt": null,
      "short_term_debt": null,
      "long_term_debt": null,
      "total_current_liabilities": null,
      "stockholders_equity": null,
      "retained_earnings": null,
      "cash_and_equivalents": null,
      "inventory": null,
      "accounts_receivable": null
    },
    "cash_flow": {
      "operating_cash_flow": 4336500.0,
      "capital_expenditure": 82000.0,
      "free_cash_flow": 4418500.0,
      "financing_cash_flow": 25500.0,
      "investing_cash_flow": -991500.0,
      "dividends_paid": null,
      "change_in_cash": null
    }
  }
}