{
  "2025-03-31": {
    "income_statement": {
      "total_revenue": 138288000.0,
      "net_interest_income": 9686000.0,
      "net_income": 62458000.0,
      "gross_profit": 123821000.0,
      "operating_income": 48680000.0,
      "ebitda": 51509000.0,
      "research_development": 24803000.0,
      "selling_general_admin": 12727000.0,
      "interest_expense": null,
      "income_before_tax": 58394000.0
    },
    "balance_sheet": {
      "total_assets": 1264309000.0,
      "total_current_assets": 1088620000.0,
      "total_debt": 12396000.0,
      "short_term_debt": null,
      "long_term_debt": null,
      "total_current_liabilities": 156257000.0,
      "stockholders_equity": 1082625000.0,
      "retained_earnings": 186888000.0,
      "cash_and_equivalents": 209614000.0,
      "inventory": null,
      "accounts_receivable": 128354000.0
    },
    "cash_flow": {
      "operating_cash_flow": 98487000.0,
      "capital_expenditure": 1507000.0,
      "free_cash_flow": 99994000.0,
      "financing_cash_flow": -29670000.0,
      "investing_cash_flow": -24473000.0,
      "dividends_paid": null,
      "change_in_cash": null
    }
  },
  "2024-12-31": {
    "income_statement": {
      "total_revenue": 168603000.0,
      "net_interest_income": 9886000.0,
      "net_income": 75196000.0,
      "gross_profit": 154422000.0,
      "operating_income": 79925000.0,
      "ebitda": 82580000.0,
      "research_development": 22421000.0,
      "selling_general_admin": 13585000.0,
      "interest_expense": null,
      "income_before_tax": 89840000.0
    },
    "balance_sheet": {
      "total_assets": 1172157000.0,
      "total_current_assets": 1012703000.0,
      "total_debt": 12947000.0,
      "short_term_debt": null,
      "long_term_debt": null,
      "total_current_liabilities": 115881000.0,
      "stockholders_equity": 1031120000.0,
      "retained_earnings": 151216000.0,
      "cash_and_equivalents": 165270000.0,
      "inventory": null,
      "accounts_receivable": 137504000.0
    },
    "cash_flow": {
      "operating_cash_flow": 65189000.0,
      "capital_expenditure": 1771000.0,
      "free_cash_flow": 66960000.0,
      "financing_cash_flow": -25243000.0,
      "investing_cash_flow": -58924000.0,
      "dividends_paid": null,
      "change_in_cash": null
    }
  },
  "2024-09-30": {
    "income_statement": {
      "total_revenue": 136832000.0,
      "net_interest_income": 9112000.0,
      "net_income": 44154000.0,
      "gross_profit": 123156000.0,
      "operating_income": 53142000.0,
      "ebitda": 58059000.0,
      "research_development": 23240000.0,
      "selling_general_admin": 10103000.0,
      "interest_expense": null,
      "income_before_tax": 62171000.0
    },
    "balance_sheet": {
      "total_assets": 1118516000.0,
      "total_current_assets": 957712000.0,
      "total_debt": 13491000.0,
      "short_term_debt": null,
      "long_term_debt": null,
      "total_current_liabilities": 132283000.0,
      "stockholders_equity": 961196000.0,
      "retained_earnings": 95220000.0,
      "cash_and_equivalents": 184248000.0,
      "inventory": null,
      "accounts_receivable": 124793000.0
    },
    "cash_flow": {
      "operating_cash_flow": 68346000.0,
      "capital_expenditure": 1543000.0,
      "free_cash_flow": 69889000.0,
      "financing_cash_flow": -19698000.0,
      "investing_cash_flow": 24158000.0,
      "dividends_paid": null,
      "change_in_cash": null
    }
  },
  "2024-06-30": {
    "income_statement": {
      "total_revenue": 126676000.0,
      "net_interest_income": 7168000.0,
      "net_income": 41377000.0,
      "gross_profit": 113126000.0,
      "operating_income": 46053000.0,
      "ebitda": 48615000.0,
      "research_development": 22574000.0,
      "selling_general_admin": 9255000.0,
      "interest_expense": null,
      "income_before_tax": 53169000.0
    },
    "balance_sheet": {
      "total_assets": 1073458000.0,
      "total_current_assets": 908466000.0,
      "total_debt": 14031000.0,
      "short_term_debt": null,
      "long_term_debt": null,
      "total_current_liabilities": 135277000.0,
      "stockholders_equity": 913580000.0,
      "retained_earnings": 72932000.0,
      "cash_and_equivalents": 111442000.0,
      "inventory": 1.0,
      "accounts_receivable": 128009999.0
    },
    "cash_flow": {
      "operating_cash_flow": 41243000.0,
      "capital_expenditure": 1704000.0,
      "free_cash_flow": 42947000.0,
      "financing_cash_flow": -56527000.0,
      "investing_cash_flow": 29941000.0,
      "dividends_paid": null,
      "change_in_cash": null
    }
  },
  "2024-03-31": {
    "income_statement": {
      "total_revenue": 118057000.0,
      "net_interest_income": 6028000.0,
      "net_income": 40618000.0,
      "gross_profit": 105490000.0,
      "operating_income": 41852000.0,
      "ebitda": 44400000.0,
      "research_development": 20148000.0,
      "selling_general_admin": 9973000.0,
      "interest_expense": null,
      "income_before_tax": 47953000.0
    },
    "balance_sheet": {
      "total_assets": 1079374000.0,
      "total_current_assets": 912941000.0,
      "total_debt": 14546000.0,
      "short_term_debt": null,
      "long_term_debt": null,
      "total_current_liabilities": 147250000.0,
      "stockholders_equity": 901397000.0,
      "retained_earnings": 79989000.0,
      "cash_and_equivalents": 96785000.0,
      "inventory": null,
      "accounts_receivable": 101332000.0
    },
    "cash_flow": {
      "operating_cash_flow": 63944000.0,
      "capital_expenditure": 1634000.0,
      "free_cash_flow": 65578000.0,
      "financing_cash_flow": -14078000.0,
      "investing_cash_flow": -76170000.0,
      "dividends_paid": null,
      "change_in_cash": null
    }
  },
  "2023-12-31": {
    "income_statement": {
      "total_revenue": 135284000.0,
      "net_interest_income": 4796000.0,
      "net_income": 47956000.0,
      "gross_profit": 123094000.0,
      "operating_income": 58551000.0,
      "ebitda": 61060000.0,
      "research_development": 19946000.0,
      "selling_general_admin": 9641000.0,
      "interest_expense": null,
      "income_before_tax": 63032000.0
    },
    "balance_sheet": {
      "total_assets": 1000649000.0,
      "total_current_assets": 840899000.0,
      "total_debt": 15056000.0,
      "short_term_debt": null,
      "long_term_debt": null,
      "total_current_liabilities": 104762000.0,
      "stockholders_equity": 864614000.0,
      "retained_earnings": 61003000.0,
      "cash_and_equivalents": 123089000.0,
      "inventory": 5886000.0,
      "accounts_receivable": 97584000.0
    },
    "cash_flow": {
      "operating_cash_flow": 50054000.0,
      "capital_expenditure": 1324000.0,
      "free_cash_flow": 51378000.0,
      "financing_cash_flow": -75500000.0,
      "investing_cash_flow": 40132000.0,
      "dividends_paid": null,
      "change_in_cash": null
    }
  },
  "2023-09-30": {
    "income_statement": {
      "total_revenue": 113612000.0,
      "net_interest_income": 5822000.0,
      "net_income": 30602000.0,
      "gross_profit": 100853000.0,
      "operating_income": 33792000.0,
      "ebitda": 44332000.0,
      "research_development": 19958000.0,
      "selling_general_admin": 8966000.0,
      "interest_expense": null,
      "income_before_tax": 39695000.0
    },
    "balance_sheet": {
      "total_assets": 1025571000.0,
      "total_current_assets": 862820000.0,
      "total_debt": 15054000.0,
      "short_term_debt": null,
      "long_term_debt": null,
      "total_current_liabilities": 123181000.0,
      "stockholders_equity": 871467000.0,
      "retained_earnings": 85403000.0,
      "cash_and_equivalents": 108403000.0,
      "inventory": 2960000.0,
      "accounts_receivable": 97217000.0
    },
    "cash_flow": {
      "operating_cash_flow": 12898000.0,
      "capital_expenditure": 1279000.0,
      "free_cash_flow": 14177000.0,
      "financing_cash_flow": -161122000.0,
      "investing_cash_flow": -50102000.0,
      "dividends_paid": null,
      "change_in_cash": null
    }
  },
  "2023-06-30": {
    "income_statement": {
      "total_revenue": 108469000.0,
      "net_interest_income": 5018000.0,
      "net_income": 28406000.0,
      "gross_profit": 95316000.0,
      "operating_income": 29683000.0,
      "ebitda": 32287000.0,
      "research_development": 21931000.0,
      "selling_general_admin": 9247000.0,
      "interest_expense": null,
      "income_before_tax": 34522000.0
    },
    "balance_sheet": {
      "total_assets": 1153509000.0,
      "total_current_assets": 989656000.0,
      "total_debt": 15633000.0,
      "short_term_debt": null,
      "long_term_debt": null,
      "total_current_liabilities": 132694000.0,
      "stockholders_equity": 990787000.0,
      "retained_earnings": 225156000.0,
      "cash_and_equivalents": 306729000.0,
      "inventory": 3729000.0,
      "accounts_receivable": 92922000.0
    },
    "cash_flow": {
      "operating_cash_flow": 57200000.0,
      "capital_expenditure": 1564000.0,
      "free_cash_flow": 58764000.0,
      "financing_cash_flow": -25824000.0,
      "investing_cash_flow": 117326000.0,
      "dividends_paid": null,
      "change_in_cash": null
    }
  },
  "2023-03-31": {
    "income_statement": {
      "total_revenue": 110966000.0,
      "net_interest_income": null,
      "net_income": 30668000.0,
      "gross_profit": 97289000.0,
      "operating_income": 32841000.0,
      "ebitda": 35549000.0,
      "research_development": 21541000.0,
      "selling_general_admin": 9759000.0,
      "interest_expense": 3875000.0,
      "income_before_tax": 36716000.0
    },
    "balance_sheet": {
      "total_assets": 1136888000.0,
      "total_current_assets": 975453000.0,
      "total_debt": 15637000.0,
      "short_term_debt": null,
      "long_term_debt": null,
      "total_current_liabilities": 139507000.0,
      "stockholders_equity": 966116000.0,
      "retained_earnings": 217855000.0,
      "cash_and_equivalents": 158027000.0,
      "inventory": 5118000.0,
      "accounts_receivable": 107047000.0
    },
    "cash_flow": {
      "operating_cash_flow": 46639000.0,
      "capital_expenditure": 1026000.0,
      "free_cash_flow": 47665000.0,
      "financing_cash_flow": -11862000.0,
      "investing_cash_flow": -13204000.0,
      "dividends_paid": null,
      "change_in_cash": null
    }
  },
  "2022-12-31": {
    "income_statement": {
      "total_revenue": 115262000.0,
      "net_interest_income": 3079000.0,
      "net_income": 33468000.0,
      "gross_profit": 101736000.0,
      "operating_income": 38484000.0,
      "ebitda": 41100000.0,
      "research_development": 20519000.0,
      "selling_general_admin": 9513000.0,
      "interest_expense": 2461000.0,
      "income_before_tax": 40945000.0
    },
    "balance_sheet": {
      "total_assets": 1067087000.0,
      "total_current_assets": 898519000.0,
      "total_debt": 15639000.0,
      "short_term_debt": null,
      "long_term_debt": null,
      "total_current_liabilities": 105884000.0,
      "stockholders_equity": 930174000.0,
      "retained_earnings": 203217000.0,
      "cash_and_equivalents": 136454000.0,
      "inventory": 5572000.0,
      "accounts_receivable": 74862000.0
    },
    "cash_flow": {
      "operating_cash_flow": 48697000.0,
      "capital_expenditure": 1216000.0,
      "free_cash_flow": 49913000.0,
      "financing_cash_flow": 779000.0,
      "investing_cash_flow": 13304000.0,
      "dividends_paid": null,
      "change_in_cash": null
    }
  },
  "2022-09-30": {
    "income_statement": {
      "total_revenue": 102185000.0,
      "net_interest_income": 1419000.0,
      "net_income": 26299000.0,
      "gross_profit": 88975000.0,
      "operating_income": 32101000.0,
      "ebitda": 34690000.0,
      "research_development": 19104000.0,
      "selling_general_admin": 8749000.0,
      "interest_expense": 908000.0,
      "income_before_tax": 33009000.0
    },
    "balance_sheet": {
      "total_assets": 1028343000.0,
      "total_current_assets": 847917000.0,
      "total_debt": 15638000.0,
      "short_term_debt": null,
      "long_term_debt": null,
      "total_current_liabilities": 118143000.0,
      "stockholders_equity": 878964000.0,
      "retained_earnings": 169749000.0,
      "cash_and_equivalents": 73674000.0,
      "inventory": null,
      "accounts_receivable": 79236000.0
    },
    "cash_flow": {
      "operating_cash_flow": 39514000.0,
      "capital_expenditure": 1817000.0,
      "free_cash_flow": 41331000.0,
      "financing_cash_flow": -57409000.0,
      "investing_cash_flow": -18523000.0,
      "dividends_paid": null,
      "change_in_cash": null
    }
  },
  "2022-06-30": {
    "income_statement": {
      "total_revenue": 90639000.0,
      "net_interest_income": null,
      "net_income": 22383000.0,
      "gross_profit": 77562000.0,
      "operating_income": 21682000.0,
      "ebitda": 24052000.0,
      "research_development": 19022000.0,
      "selling_general_admin": 8724000.0,
      "interest_expense": 804000.0,
      "income_before_tax": 22486000.0
    },
    "balance_sheet": {
      "total_assets": 1050931000.0,
      "total_current_assets": 874143000.0,
      "total_debt": 11769000.0,
      "short_term_debt": null,
      "long_term_debt": null,
      "total_current_liabilities": 120753000.0,
      "stockholders_equity": 902166000.0,
      "retained_earnings": 204616000.0,
      "cash_and_equivalents": 110092000.0,
      "inventory": 3610000.0,
      "accounts_receivable": 76021000.0
    },
    "cash_flow": {
      "operating_cash_flow": 44752000.0,
      "capital_expenditure": 2125000.0,
      "free_cash_flow": 46877000.0,
      "financing_cash_flow": -5969000.0,
      "investing_cash_flow": -41500000.0,
      "dividends_paid": null,
      "change_in_cash": null
    }
  },
  "2022-03-31": {
    "income_statement": {
      "total_revenue": 93653000.0,
      "net_interest_income": null,
      "net_income": 36726000.0,
      "gross_profit": 81888000.0,
      "operating_income": 27921000.0,
      "ebitda": 29289000.0,
      "research_development": 17424000.0,
      "selling_general_admin": 10644000.0,
      "interest_expense": 16000.0,
      "income_before_tax": 27905000.0
    },
    "balance_sheet": {
      "total_assets": 991357000.0,
      "total_current_assets": 904137000.0,
      "total_debt": 1089000.0,
      "short_term_debt": null,
      "long_term_debt": null,
      "total_current_liabilities": 111282000.0,
      "stockholders_equity": 878594000.0,
      "retained_earnings": 191107000.0,
      "cash_and_equivalents": 112809000.0,
      "inventory": null,
      "accounts_receivable": 81073000.0
    },
    "cash_flow": {
      "operating_cash_flow": 46964000.0,
      "capital_expenditure": 2109000.0,
      "free_cash_flow": 49073000.0,
      "financing_cash_flow": 4392000.0,
      "investing_cash_flow": -23626000.0,
      "dividends_paid": 3078000.0,
      "change_in_cash": null
    }
  },
  "2021-12-31": {
    "income_statement": {
      "total_revenue": 97876000.0,
      "net_interest_income": null,
      "net_income": 55647000.0,
      "gross_profit": 86791000.0,
      "operating_income": 35789000.0,
      "ebitda": 37150000.0,
      "research_development": 16225000.0,
      "selling_general_admin": 9079000.0,
      "interest_expense": 20000.0,
      "income_before_tax": 35809000.0
    },
    "balance_sheet": {
      "total_assets": 932172000.0,
      "total_current_assets": 858378000.0,
      "total_debt": 1595000.0,
      "short_term_debt": null,
      "long_term_debt": null,
      "total_current_liabilities": 91713000.0,
      "stockholders_equity": 838848000.0,
      "retained_earnings": 154381000.0,
      "cash_and_equivalents": 85079000.0,
      "inventory": 5060000.0,
      "accounts_receivable": 71623000.0
    },
    "cash_flow": {
      "operating_cash_flow": 27284000.0,
      "capital_expenditure": 1676000.0,
      "free_cash_flow": 28960000.0,
      "financing_cash_flow": 3794000.0,
      "investing_cash_flow": -25520000.0,
      "dividends_paid": 3078000.0,
      "change_in_cash": null
    }
  },
  "2021-09-30": {
    "income_statement": {
      "total_revenue": 79350000.0,
      "net_interest_income": 440000.0,
      "net_income": 36088000.0,
      "gross_profit": 70399000.0,
      "operating_income": 24951000.0,
      "ebitda": 26109000.0,
      "research_development": 15460000.0,
      "selling_general_admin": 8827000.0,
      "interest_expense": 420000.0,
      "income_before_tax": 25371000.0
    },
    "balance_sheet": {
      "total_assets": 869255000.0,
      "total_current_assets": 829608000.0,
      "total_debt": 616000.0,
      "short_term_debt": null,
      "long_term_debt": null,
      "total_current_liabilities": 95624000.0,
      "stockholders_equity": 772560000.0,
      "retained_earnings": 98734000.0,
      "cash_and_equivalents": 79521000.0,
      "inventory": 3107000.0,
      "accounts_receivable": 55681000.0
    },
    "cash_flow": {
      "operating_cash_flow": 19152000.0,
      "capital_expenditure": 1100000.0,
      "free_cash_flow": 20252000.0,
      "financing_cash_flow": 53000.0,
      "investing_cash_flow": -534005000.0,
      "dividends_paid": null,
      "change_in_cash": null
    }
  },
  "2021-06-30": {
    "income_statement": {
      "total_revenue": 72669000.0,
      "net_interest_income": 76000.0,
      "net_income": 26322000.0,
      "gross_profit": 64683000.0,
      "operating_income": 24875000.0,
      "ebitda": 26028000.0,
      "research_development": 13241000.0,
      "selling_general_admin": 7196000.0,
      "interest_expense": 45000.0,
      "income_before_tax": 24920000.0
    },
    "balance_sheet": {
      "total_assets": 830182000.0,
      "total_current_assets": 790597000.0,
      "total_debt": 784000.0,
      "short_term_debt": null,
      "long_term_debt": null,
      "total_current_liabilities": 100182000.0,
      "stockholders_equity": 728452000.0,
      "retained_earnings": 62646000.0,
      "cash_and_equivalents": 594321000.0,
      "inventory": 4103000.0,
      "accounts_receivable": 47290000.0
    },
    "cash_flow": {
      "operating_cash_flow": 33175000.0,
      "capital_expenditure": 812000.0,
      "free_cash_flow": 33987000.0,
      "financing_cash_flow": 552176000.0,
      "investing_cash_flow": -57423000.0,
      "dividends_paid": null,
      "change_in_cash": null
    }
  },
  "2021-03-31": {
    "income_statement": {
      "total_revenue": 66687000.0,
      "net_interest_income": null,
      "net_income": 21483000.0,
      "gross_profit": 58694000.0,
      "operating_income": 22847000.0,
      "ebitda": 23838000.0,
      "research_development": 12558000.0,
      "selling_general_admin": 5703000.0,
      "interest_expense": 38000.0,
      "income_before_tax": 22885000.0
    },
    "balance_sheet": {
      "total_assets": 251719000.0,
      "total_current_assets": 209401000.0,
      "total_debt": 1254000.0,
      "short_term_debt": null,
      "long_term_debt": null,
      "total_current_liabilities": 102042000.0,
      "stockholders_equity": 66743000.0,
      "retained_earnings": 36324000.0,
      "cash_and_equivalents": 66393000.0,
      "inventory": 5856000.0,
      "accounts_receivable": 50319000.0
    },
    "cash_flow": {
      "operating_cash_flow": 37551000.0,
      "capital_expenditure": 913000.0,
      "free_cash_flow": 38464000.0,
      "financing_cash_flow": 1736000.0,
      "investing_cash_flow": -42869000.0,
      "dividends_paid": null,
      "change_in_cash": null
    }
  },
  "2020-12-31": {
    "income_statement": {
      "total_revenue": 58709000.0,
      "net_interest_income": null,
      "net_income": 17231000.0,
      "gross_profit": 50837000.0,
      "operating_income": 17936000.0,
      "ebitda": 18951000.0,
      "research_development": 11406000.0,
      "selling_general_admin": 4478000.0,
      "interest_expense": 4601000.0,
      "income_before_tax": 22537000.0
    },
    "balance_sheet": {
      "total_assets": 206378000.0,
      "total_current_assets": 164152000.0,
      "total_debt": 1798000.0,
      "short_term_debt": null,
      "long_term_debt": null,
      "total_current_liabilities": 83255000.0,
      "stockholders_equity": 121196000.0,
      "retained_earnings": 14841000.0,
      "cash_and_equivalents": 69975000.0,
      "inventory": 1.0,
      "accounts_receivable": 46714000.0
    },
    "cash_flow": {
      "operating_cash_flow": 23961000.0,
      "capital_expenditure": 1075000.0,
      "free_cash_flow": 25036000.0,
      "financing_cash_flow": 2324000.0,
      "investing_cash_flow": -27267000.0,
      "dividends_paid": null,
      "change_in_cash": null
    }
  },
  "2020-09-30": {
    "income_statement": {
      "total_revenue": 45113000.0,
      "net_interest_income": 73000.0,
      "net_income": 10037000.0,
      "gross_profit": 37657000.0,
      "operating_income": 10437000.0,
      "ebitda": 11365000.0,
      "research_development": 9866000.0,
      "selling_general_admin": 3209000.0,
      "interest_expense": 20000.0,
      "income_before_tax": 10417000.0
    },
    "balance_sheet": {
      "total_assets": null,
      "total_current_assets": null,
      "total_debt": null,
      "short_term_debt": null,
      "long_term_debt": null,
      "total_current_liabilities": null,
      "stockholders_equity": null,
      "retained_earnings": null,
      "cash_and_equivalents": null,
      "inventory": null,
      "accounts_receivable": null
    },
    "cash_flow": {
      "operating_cash_flow": 12701000.0,
      "capital_expenditure": 1446000.0,
      "free_cash_flow": 14147000.0,
      "financing_cash_flow": 1124000.0,
      "investing_cash_flow": 14529000.0,
      "dividends_paid": null,
      "change_in_cash": null
    }
  },
  "2020-06-30": {
    "income_statement": {
      "total_revenue": 36388000.0,
      "net_interest_income": 137000.0,
      "net_income": 1459000.0,
      "gross_profit": 28513000.0,
      "operating_income": 2083000.0,
      "ebitda": 2851000.0,
      "research_development": 10043000.0,
      "selling_general_admin": 3102000.0,
      "interest_expense": 153000.0,
      "income_before_tax": 1930000.0
    },
    "balance_sheet": {
      "total_assets": 172892000.0,
      "total_current_assets": 86446000.0,
      "total_debt": null,
      "short_term_debt": null,
      "long_term_debt": null,
      "total_current_liabilities": null,
      "stockholders_equity": 82594000.0,
      "retained_earnings": null,
      "cash_and_equivalents": -86446000.0,
      "inventory": null,
      "accounts_receivable": null
    },
    "cash_flow": {
      "operating_cash_flow": 8760000.0,
      "capital_expenditure": 1176000.0,
      "free_cash_flow": 9936000.0,
      "financing_cash_flow": 223000.0,
      "investing_cash_flow": -14810000.0,
      "dividends_paid": null,
      "change_in_cash": null
    }
  }
}