{
  "2025-06-30": {
    "income_statement": {
      "total_revenue": 2173319000.0,
      "net_interest_income": 2819000.0,
      "net_income": 230848000.0,
      "gross_profit": 509897000.0,
      "operating_income": 299873000.0,
      "ebitda": 299873000.0,
      "research_development": null,
      "selling_general_admin": 210466000.0,
      "interest_expense": 1605000.0,
      "income_before_tax": 296484000.0
    },
    "balance_sheet": {
      "total_assets": 5063729000.0,
      "total_current_assets": 3043279000.0,
      "total_debt": 283650000.0,
      "short_term_debt": null,
      "long_term_debt": 61331000.0,
      "total_current_liabilities": 2699599000.0,
      "stockholders_equity": 1971209000.0,
      "retained_earnings": 1997434000.0,
      "cash_and_equivalents": 331710000.0,
      "inventory": 70732000.0,
      "accounts_receivable": 2602846000.0
    },
    "cash_flow": {
      "operating_cash_flow": 252495000.0,
      "capital_expenditure": 31273000.0,
      "free_cash_flow": 283768000.0,
      "financing_cash_flow": -39338000.0,
      "investing_cash_flow": -86205000.0,
      "dividends_paid": 15871000.0,
      "change_in_cash": null
    }
  },
  "2025-03-31": {
    "income_statement": {
      "total_revenue": 1831286000.0,
      "net_interest_income": 4267000.0,
      "net_income": 169289000.0,
      "gross_profit": 403416000.0,
      "operating_income": 209098000.0,
      "ebitda": 243756000.0,
      "research_development": null,
      "selling_general_admin": 194874000.0,
      "interest_expense": 1619000.0,
      "income_before_tax": 208012000.0
    },
    "balance_sheet": {
      "total_assets": 4569218000.0,
      "total_current_assets": 2597499000.0,
      "total_debt": 278206000.0,
      "short_term_debt": null,
      "long_term_debt": 63776000.0,
      "total_current_liabilities": 2411244000.0,
      "stockholders_equity": 1777013000.0,
      "retained_earnings": 1782457000.0,
      "cash_and_equivalents": 204758000.0,
      "inventory": 63045000.0,
      "accounts_receivable": 2278837000.0
    },
    "cash_flow": {
      "operating_cash_flow": -87950000.0,
      "capital_expenditure": 22208000.0,
      "free_cash_flow": -65742000.0,
      "financing_cash_flow": -160448000.0,
      "investing_cash_flow": -96783000.0,
      "dividends_paid": 14162000.0,
      "change_in_cash": null
    }
  },
  "2024-12-31": {
    "income_statement": {
      "total_revenue": 1867804000.0,
      "net_interest_income": 4862000.0,
      "net_income": 145870000.0,
      "gross_profit": 433738000.0,
      "operating_income": 226355000.0,
      "ebitda": 220900000.0,
      "research_development": null,
      "selling_general_admin": 207635000.0,
      "interest_expense": 1576000.0,
      "income_before_tax": 186038000.0
    },
    "balance_sheet": {
      "total_assets": 4711088000.0,
      "total_current_assets": 2790241000.0,
      "total_debt": 308600000.0,
      "short_term_debt": null,
      "long_term_debt": 62293000.0,
      "total_current_liabilities": 2582770000.0,
      "stockholders_equity": 1704676000.0,
      "retained_earnings": 1627330000.0,
      "cash_and_equivalents": 549939000.0,
      "inventory": 59224000.0,
      "accounts_receivable": 2134865000.0
    },
    "cash_flow": {
      "operating_cash_flow": 210463000.0,
      "capital_expenditure": 40676000.0,
      "free_cash_flow": 251139000.0,
      "financing_cash_flow": -36618000.0,
      "investing_cash_flow": -39489000.0,
      "dividends_paid": 12444000.0,
      "change_in_cash": null
    }
  },
  "2024-09-30": {
    "income_statement": {
      "total_revenue": 1812366000.0,
      "net_interest_income": 3825000.0,
      "net_income": 146235000.0,
      "gross_profit": 381714000.0,
      "operating_income": 202884000.0,
      "ebitda": 226296000.0,
      "research_development": null,
      "selling_general_admin": 180177000.0,
      "interest_expense": 1730000.0,
      "income_before_tax": 187812000.0
    },
    "balance_sheet": {
      "total_assets": 4412765000.0,
      "total_current_assets": 2536899000.0,
      "total_debt": 276629000.0,
      "short_term_debt": null,
      "long_term_debt": 62315000.0,
      "total_current_liabilities": 2429143000.0,
      "stockholders_equity": 1587722000.0,
      "retained_earnings": 1493904000.0,
      "cash_and_equivalents": 415583000.0,
      "inventory": 55680000.0,
      "accounts_receivable": 2029549000.0
    },
    "cash_flow": {
      "operating_cash_flow": 302179000.0,
      "capital_expenditure": 22059000.0,
      "free_cash_flow": 324238000.0,
      "financing_cash_flow": -64429000.0,
      "investing_cash_flow": -21586000.0,
      "dividends_paid": 10688000.0,
      "change_in_cash": null
    }
  },
  "2024-06-30": {
    "income_statement": {
      "total_revenue": 1810290000.0,
      "net_interest_income": 1264000.0,
      "net_income": 134009000.0,
      "gross_profit": 349415000.0,
      "operating_income": 184059000.0,
      "ebitda": 222739000.0,
      "research_development": null,
      "selling_general_admin": 179537000.0,
      "interest_expense": 1709000.0,
      "income_before_tax": 169655000.0
    },
    "balance_sheet": {
      "total_assets": 4213984000.0,
      "total_current_assets": 2323371000.0,
      "total_debt": 326346000.0,
      "short_term_debt": null,
      "long_term_debt": 73377000.0,
      "total_current_liabilities": 2334948000.0,
      "stockholders_equity": 1482294000.0,
      "retained_earnings": 1358357000.0,
      "cash_and_equivalents": 199419000.0,
      "inventory": 63778000.0,
      "accounts_receivable": 2014688000.0
    },
    "cash_flow": {
      "operating_cash_flow": 189858000.0,
      "capital_expenditure": 23384000.0,
      "free_cash_flow": 213242000.0,
      "financing_cash_flow": -30445000.0,
      "investing_cash_flow": -60786000.0,
      "dividends_paid": 10713000.0,
      "change_in_cash": null
    }
  },
  "2024-03-31": {
    "income_statement": {
      "total_revenue": 1537016000.0,
      "net_interest_income": 1603000.0,
      "net_income": 96319000.0,
      "gross_profit": 284754000.0,
      "operating_income": 134640000.0,
      "ebitda": 169807000.0,
      "research_development": null,
      "selling_general_admin": 162723000.0,
      "interest_expense": 1633000.0,
      "income_before_tax": 123056000.0
    },
    "balance_sheet": {
      "total_assets": 3902829000.0,
      "total_current_assets": 2048189000.0,
      "total_debt": 325736000.0,
      "short_term_debt": null,
      "long_term_debt": 77004000.0,
      "total_current_liabilities": 2139659000.0,
      "stockholders_equity": 1372536000.0,
      "retained_earnings": 1235061000.0,
      "cash_and_equivalents": 100792000.0,
      "inventory": 71061000.0,
      "accounts_receivable": 1813836000.0
    },
    "cash_flow": {
      "operating_cash_flow": 146557000.0,
      "capital_expenditure": 24952000.0,
      "free_cash_flow": 171509000.0,
      "financing_cash_flow": -29267000.0,
      "investing_cash_flow": -221648000.0,
      "dividends_paid": 8921000.0,
      "change_in_cash": null
    }
  },
  "2023-12-31": {
    "income_statement": {
      "total_revenue": 1357566000.0,
      "net_interest_income": 1051000.0,
      "net_income": 91581000.0,
      "gross_profit": 269777000.0,
      "operating_income": 119659000.0,
      "ebitda": 140040300.0,
      "research_development": null,
      "selling_general_admin": 160026000.0,
      "interest_expense": 401300.0,
      "income_before_tax": 111729000.0
    },
    "balance_sheet": {
      "total_assets": 3305579000.0,
      "total_current_assets": 1911100000.0,
      "total_debt": 256774000.0,
      "short_term_debt": null,
      "long_term_debt": 39345000.0,
      "total_current_liabilities": 1721205000.0,
      "stockholders_equity": 1277829000.0,
      "retained_earnings": 1147663000.0,
      "cash_and_equivalents": 205150000.0,
      "inventory": 65538000.0,
      "accounts_receivable": 1586103000.0
    },
    "cash_flow": {
      "operating_cash_flow": 173008000.0,
      "capital_expenditure": 25264000.0,
      "free_cash_flow": 198272000.0,
      "financing_cash_flow": -31598000.0,
      "investing_cash_flow": -73883000.0,
      "dividends_paid": 8924000.0,
      "change_in_cash": null
    }
  },
  "2023-09-30": {
    "income_statement": {
      "total_revenue": 1378124000.0,
      "net_interest_income": 9661000.0,
      "net_income": 105125000.0,
      "gross_profit": 277499000.0,
      "operating_income": 135143000.0,
      "ebitda": 156455700.0,
      "research_development": null,
      "selling_general_admin": 133419000.0,
      "interest_expense": 1885700.0,
      "income_before_tax": 125438000.0
    },
    "balance_sheet": {
      "total_assets": 3140619000.0,
      "total_current_assets": 1812232000.0,
      "total_debt": 238716000.0,
      "short_term_debt": null,
      "long_term_debt": 33932000.0,
      "total_current_liabilities": 1628987000.0,
      "stockholders_equity": 1207162000.0,
      "retained_earnings": 1065006000.0,
      "cash_and_equivalents": 137623000.0,
      "inventory": 53899000.0,
      "accounts_receivable": 1578023000.0
    },
    "cash_flow": {
      "operating_cash_flow": 214241000.0,
      "capital_expenditure": 28444000.0,
      "free_cash_flow": 242685000.0,
      "financing_cash_flow": -111128000.0,
      "investing_cash_flow": -119125000.0,
      "dividends_paid": 8049000.0,
      "change_in_cash": null
    }
  },
  "2023-06-30": {
    "income_statement": {
      "total_revenue": 1296430000.0,
      "net_interest_income": 92000.0,
      "net_income": 69476000.0,
      "gross_profit": 227920000.0,
      "operating_income": 92082000.0,
      "ebitda": 114833000.0,
      "research_development": null,
      "selling_general_admin": 136430000.0,
      "interest_expense": 3918000.0,
      "income_before_tax": 85202000.0
    },
    "balance_sheet": {
      "total_assets": 2915117000.0,
      "total_current_assets": 1500323000.0,
      "total_debt": 262581000.0,
      "short_term_debt": null,
      "long_term_debt": 133945000.0,
      "total_current_liabilities": 1481476000.0,
      "stockholders_equity": 1111464000.0,
      "retained_earnings": 967930000.0,
      "cash_and_equivalents": 60007000.0,
      "inventory": 41619000.0,
      "accounts_receivable": 1348215000.0
    },
    "cash_flow": {
      "operating_cash_flow": 125410000.0,
      "capital_expenditure": 24610000.0,
      "free_cash_flow": 150020000.0,
      "financing_cash_flow": -89280000.0,
      "investing_cash_flow": -24683000.0,
      "dividends_paid": 7152000.0,
      "change_in_cash": 11447000.0
    }
  },
  "2023-03-31": {
    "income_statement": {
      "total_revenue": 1174640000.0,
      "net_interest_income": 1397000.0,
      "net_income": 57216000.0,
      "gross_profit": 205405000.0,
      "operating_income": 70885000.0,
      "ebitda": 89419000.0,
      "research_development": null,
      "selling_general_admin": 135032000.0,
      "interest_expense": 4076000.0,
      "income_before_tax": 65825000.0
    },
    "balance_sheet": {
      "total_assets": 2839471000.0,
      "total_current_assets": 1459024000.0,
      "total_debt": 324247000.0,
      "short_term_debt": null,
      "long_term_debt": 197761000.0,
      "total_current_liabilities": 1406659000.0,
      "stockholders_equity": 1053490000.0,
      "retained_earnings": 905606000.0,
      "cash_and_equivalents": 48560000.0,
      "inventory": 37013000.0,
      "accounts_receivable": 1326261000.0
    },
    "cash_flow": {
      "operating_cash_flow": 126909000.0,
      "capital_expenditure": 16520000.0,
      "free_cash_flow": 143429000.0,
      "financing_cash_flow": -66618000.0,
      "investing_cash_flow": -68945000.0,
      "dividends_paid": 6254000.0,
      "change_in_cash": -8654000.0
    }
  },
  "2022-12-31": {
    "income_statement": {
      "total_revenue": 1117188000.0,
      "net_interest_income": 364000.0,
      "net_income": 55424000.0,
      "gross_profit": 211248000.0,
      "operating_income": 59529000.0,
      "ebitda": 100605000.0,
      "research_development": null,
      "selling_general_admin": 131650000.0,
      "interest_expense": 4620000.0,
      "income_before_tax": 70199000.0
    },
    "balance_sheet": {
      "total_assets": 2597478000.0,
      "total_current_assets": 1307671000.0,
      "total_debt": 256245000.0,
      "short_term_debt": null,
      "long_term_debt": 247245000.0,
      "total_current_liabilities": 1170802000.0,
      "stockholders_equity": 999923000.0,
      "retained_earnings": 854644000.0,
      "cash_and_equivalents": 57214000.0,
      "inventory": 35309000.0,
      "accounts_receivable": 1166692000.0
    },
    "cash_flow": {
      "operating_cash_flow": 132007000.0,
      "capital_expenditure": 13566000.0,
      "free_cash_flow": 145573000.0,
      "financing_cash_flow": -131513000.0,
      "investing_cash_flow": -14419000.0,
      "dividends_paid": 5365000.0,
      "change_in_cash": -13925000.0
    }
  },
  "2022-09-30": {
    "income_statement": {
      "total_revenue": 1120012000.0,
      "net_interest_income": 5000.0,
      "net_income": 61515000.0,
      "gross_profit": 202224000.0,
      "operating_income": 81436000.0,
      "ebitda": 102965000.0,
      "research_development": null,
      "selling_general_admin": 121194000.0,
      "interest_expense": 3609000.0,
      "income_before_tax": 74435000.0
    },
    "balance_sheet": {
      "total_assets": 2549473000.0,
      "total_current_assets": 1358091000.0,
      "total_debt": 495149000.0,
      "short_term_debt": null,
      "long_term_debt": 378192000.0,
      "total_current_liabilities": 1044005000.0,
      "stockholders_equity": 951132000.0,
      "retained_earnings": 804585000.0,
      "cash_and_equivalents": 71139000.0,
      "inventory": 38149000.0,
      "accounts_receivable": 1221431000.0
    },
    "cash_flow": {
      "operating_cash_flow": 61232000.0,
      "capital_expenditure": 14578000.0,
      "free_cash_flow": 75810000.0,
      "financing_cash_flow": -35728000.0,
      "investing_cash_flow": -23494000.0,
      "dividends_paid": 5013000.0,
      "change_in_cash": 2010000.0
    }
  },
  "2022-06-30": {
    "income_statement": {
      "total_revenue": 1017948000.0,
      "net_interest_income": 6000.0,
      "net_income": 42246000.0,
      "gross_profit": 174992000.0,
      "operating_income": 56651000.0,
      "ebitda": 82867000.0,
      "research_development": null,
      "selling_general_admin": 118724000.0,
      "interest_expense": 3026000.0,
      "income_before_tax": 53515000.0
    },
    "balance_sheet": {
      "total_assets": 2439622000.0,
      "total_current_assets": 1238223000.0,
      "total_debt": 519290000.0,
      "short_term_debt": null,
      "long_term_debt": 403192000.0,
      "total_current_liabilities": 968180000.0,
      "stockholders_equity": 896845000.0,
      "retained_earnings": 748083000.0,
      "cash_and_equivalents": 69129000.0,
      "inventory": 31246000.0,
      "accounts_receivable": 1109012000.0
    },
    "cash_flow": {
      "operating_cash_flow": 44563000.0,
      "capital_expenditure": 11023000.0,
      "free_cash_flow": 55586000.0,
      "financing_cash_flow": -41153000.0,
      "investing_cash_flow": -49896000.0,
      "dividends_paid": 5026000.0,
      "change_in_cash": -46486000.0
    }
  },
  "2022-03-31": {
    "income_statement": {
      "total_revenue": 885216000.0,
      "net_interest_income": 3000.0,
      "net_income": 86762000.0,
      "gross_profit": 153144000.0,
      "operating_income": 35691000.0,
      "ebitda": 65309000.0,
      "research_development": null,
      "selling_general_admin": 117776000.0,
      "interest_expense": 2129000.0,
      "income_before_tax": 37709000.0
    },
    "balance_sheet": {
      "total_assets": 2308413000.0,
      "total_current_assets": 1139629000.0,
      "total_debt": 519519000.0,
      "short_term_debt": null,
      "long_term_debt": 412079000.0,
      "total_current_liabilities": 857199000.0,
      "stockholders_equity": 878408000.0,
      "retained_earnings": 710863000.0,
      "cash_and_equivalents": 115615000.0,
      "inventory": 24918000.0,
      "accounts_receivable": 967723000.0
    },
    "cash_flow": {
      "operating_cash_flow": 63729000.0,
      "capital_expenditure": 9192000.0,
      "free_cash_flow": 72921000.0,
      "financing_cash_flow": 2479000.0,
      "investing_cash_flow": -9369000.0,
      "dividends_paid": 4673000.0,
      "change_in_cash": 56839000.0
    }
  },
  "2021-12-31": {
    "income_statement": {
      "total_revenue": 856084000.0,
      "net_interest_income": 17000.0,
      "net_income": 37595000.0,
      "gross_profit": 154071000.0,
      "operating_income": 49331000.0,
      "ebitda": 76353000.0,
      "research_development": null,
      "selling_general_admin": 105259000.0,
      "interest_expense": 1753000.0,
      "income_before_tax": 50968000.0
    },
    "balance_sheet": {
      "total_assets": 2209114000.0,
      "total_current_assets": 1027321000.0,
      "total_debt": 514781000.0,
      "short_term_debt": null,
      "long_term_debt": 385242000.0,
      "total_current_liabilities": 836554000.0,
      "stockholders_equity": 805666000.0,
      "retained_earnings": 628774000.0,
      "cash_and_equivalents": 58776000.0,
      "inventory": 21853000.0,
      "accounts_receivable": 922988000.0
    },
    "cash_flow": {
      "operating_cash_flow": 27497000.0,
      "capital_expenditure": 6466000.0,
      "free_cash_flow": 33963000.0,
      "financing_cash_flow": 90675000.0,
      "investing_cash_flow": -127117000.0,
      "dividends_paid": 4693000.0,
      "change_in_cash": -8945000.0
    }
  },
  "2021-09-30": {
    "income_statement": {
      "total_revenue": 833896000.0,
      "net_interest_income": 2829000.0,
      "net_income": 46297000.0,
      "gross_profit": 159212000.0,
      "operating_income": 64105000.0,
      "ebitda": 85458000.0,
      "research_development": null,
      "selling_general_admin": 95287000.0,
      "interest_expense": 1586000.0,
      "income_before_tax": 61296000.0
    },
    "balance_sheet": {
      "total_assets": 1951334000.0,
      "total_current_assets": 904711000.0,
      "total_debt": 272730000.0,
      "short_term_debt": null,
      "long_term_debt": 266772000.0,
      "total_current_liabilities": 742262000.0,
      "stockholders_equity": 771789000.0,
      "retained_earnings": 595872000.0,
      "cash_and_equivalents": 67721000.0,
      "inventory": 19908000.0,
      "accounts_receivable": 775074000.0
    },
    "cash_flow": {
      "operating_cash_flow": 42585000.0,
      "capital_expenditure": 5102000.0,
      "free_cash_flow": 47687000.0,
      "financing_cash_flow": 70108000.0,
      "investing_cash_flow": -98631000.0,
      "dividends_paid": 4350000.0,
      "change_in_cash": 14062000.0
    }
  },
  "2021-06-30": {
    "income_statement": {
      "total_revenue": 713895000.0,
      "net_interest_income": 3000.0,
      "net_income": 32965000.0,
      "gross_profit": 126455000.0,
      "operating_income": 39397000.0,
      "ebitda": 63916000.0,
      "research_development": null,
      "selling_general_admin": 87549000.0,
      "interest_expense": 1360000.0,
      "income_before_tax": 42782000.0
    },
    "balance_sheet": {
      "total_assets": 1754950000.0,
      "total_current_assets": 819400000.0,
      "total_debt": 241567000.0,
      "short_term_debt": null,
      "long_term_debt": 156272000.0,
      "total_current_liabilities": 721410000.0,
      "stockholders_equity": 752012000.0,
      "retained_earnings": 553925000.0,
      "cash_and_equivalents": 53659000.0,
      "inventory": 18837000.0,
      "accounts_receivable": 735554000.0
    },
    "cash_flow": {
      "operating_cash_flow": 25422000.0,
      "capital_expenditure": 5950000.0,
      "free_cash_flow": 31372000.0,
      "financing_cash_flow": -17935000.0,
      "investing_cash_flow": -5944000.0,
      "dividends_paid": 4178000.0,
      "change_in_cash": 1543000.0
    }
  },
  "2021-03-31": {
    "income_statement": {
      "total_revenue": 669761000.0,
      "net_interest_income": 3000.0,
      "net_income": 26491000.0,
      "gross_profit": 123469000.0,
      "operating_income": 35605000.0,
      "ebitda": 56978000.0,
      "research_development": null,
      "selling_general_admin": 88214000.0,
      "interest_expense": 1497000.0,
      "income_before_tax": 35228000.0
    },
    "balance_sheet": {
      "total_assets": 1715530000.0,
      "total_current_assets": 762572000.0,
      "total_debt": 324448000.0,
      "short_term_debt": null,
      "long_term_debt": 171752000.0,
      "total_current_liabilities": 691688000.0,
      "stockholders_equity": 723103000.0,
      "retained_earnings": 525138000.0,
      "cash_and_equivalents": 52116000.0,
      "inventory": 15653000.0,
      "accounts_receivable": 680991000.0
    },
    "cash_flow": {
      "operating_cash_flow": 84647000.0,
      "capital_expenditure": 4812000.0,
      "free_cash_flow": 89459000.0,
      "financing_cash_flow": -72397000.0,
      "investing_cash_flow": -15030000.0,
      "dividends_paid": 4163000.0,
      "change_in_cash": -2780000.0
    }
  },
  "2020-12-31": {
    "income_statement": {
      "total_revenue": 698961000.0,
      "net_interest_income": 4000.0,
      "net_income": 42840000.0,
      "gross_profit": 136999000.0,
      "operating_income": 48281000.0,
      "ebitda": 62584000.0,
      "research_development": null,
      "selling_general_admin": 92924000.0,
      "interest_expense": 1401000.0,
      "income_before_tax": 54141000.0
    },
    "balance_sheet": {
      "total_assets": 1757355000.0,
      "total_current_assets": 811852000.0,
      "total_debt": 252319000.0,
      "short_term_debt": null,
      "long_term_debt": 235733000.0,
      "total_current_liabilities": 692904000.0,
      "stockholders_equity": 696429000.0,
      "retained_earnings": 502810000.0,
      "cash_and_equivalents": 54896000.0,
      "inventory": 13472000.0,
      "accounts_receivable": 683762000.0
    },
    "cash_flow": {
      "operating_cash_flow": 70110000.0,
      "capital_expenditure": 4672000.0,
      "free_cash_flow": 74782000.0,
      "financing_cash_flow": -8466000.0,
      "investing_cash_flow": -77288000.0,
      "dividends_paid": 3992000.0,
      "change_in_cash": -15644000.0
    }
  },
  "2020-09-30": {
    "income_statement": {
      "total_revenue": 714099000.0,
      "net_interest_income": 1697000.0,
      "net_income": 50088000.0,
      "gross_profit": 147196000.0,
      "operating_income": 56685000.0,
      "ebitda": 71658000.0,
      "research_development": null,
      "selling_general_admin": 90888000.0,
      "interest_expense": 1733000.0,
      "income_before_tax": 58367000.0
    },
    "balance_sheet": {
      "total_assets": 1677969000.0,
      "total_current_assets": 811296000.0,
      "total_debt": 303921000.0,
      "short_term_debt": null,
      "long_term_debt": 222213000.0,
      "total_current_liabilities": 655343000.0,
      "stockholders_equity": 668126000.0,
      "retained_earnings": 463962000.0,
      "cash_and_equivalents": 70540000.0,
      "inventory": 12700000.0,
      "accounts_receivable": 717743000.0
    },
    "cash_flow": {
      "operating_cash_flow": 52614000.0,
      "capital_expenditure": 4920000.0,
      "free_cash_flow": 57534000.0,
      "financing_cash_flow": -19970000.0,
      "investing_cash_flow": -15355000.0,
      "dividends_paid": 3833000.0,
      "change_in_cash": 17289000.0
    }
  }
}