{
  "2025-06-30": {
    "income_statement": {
      "total_revenue": 96428000000.0,
      "net_interest_income": 1050000000.0,
      "net_income": 28196000000.0,
      "gross_profit": 57389000000.0,
      "operating_income": 31271000000.0,
      "ebitda": 39192000000.0,
      "research_development": 13808000000.0,
      "selling_general_admin": 5209000000.0,
      "interest_expense": 261000000.0,
      "income_before_tax": 33933000000.0
    },
    "balance_sheet": {
      "total_assets": 502053000000.0,
      "total_current_assets": 166216000000.0,
      "total_debt": 35559000000.0,
      "short_term_debt": null,
      "long_term_debt": 23607000000.0,
      "total_current_liabilities": 87310000000.0,
      "stockholders_equity": 362916000000.0,
      "retained_earnings": 275760000000.0,
      "cash_and_equivalents": 21036000000.0,
      "inventory": null,
      "accounts_receivable": 55048000000.0
    },
    "cash_flow": {
      "operating_cash_flow": 27747000000.0,
      "capital_expenditure": 22446000000.0,
      "free_cash_flow": 50193000000.0,
      "financing_cash_flow": -5832000000.0,
      "investing_cash_flow": -24544000000.0,
      "dividends_paid": 2543000000.0,
      "change_in_cash": null
    }
  },
  "2025-03-31": {
    "income_statement": {
      "total_revenue": 90234000000.0,
      "net_interest_income": 1001000000.0,
      "net_income": 34540000000.0,
      "gross_profit": 53873000000.0,
      "operating_income": 30606000000.0,
      "ebitda": 46310000000.0,
      "research_development": 13556000000.0,
      "selling_general_admin": 3539000000.0,
      "interest_expense": 34000000.0,
      "income_before_tax": 41789000000.0
    },
    "balance_sheet": {
      "total_assets": 475374000000.0,
      "total_current_assets": 162052000000.0,
      "total_debt": 23564000000.0,
      "short_term_debt": null,
      "long_term_debt": 10886000000.0,
      "total_current_liabilities": 91654000000.0,
      "stockholders_equity": 345267000000.0,
      "retained_earnings": 262628000000.0,
      "cash_and_equivalents": 23264000000.0,
      "inventory": null,
      "accounts_receivable": 51000000000.0
    },
    "cash_flow": {
      "operating_cash_flow": 36150000000.0,
      "capital_expenditure": 17197000000.0,
      "free_cash_flow": 53347000000.0,
      "financing_cash_flow": -20201000000.0,
      "investing_cash_flow": -16194000000.0,
      "dividends_paid": 2434000000.0,
      "change_in_cash": null
    }
  },
  "2024-12-31": {
    "income_statement": {
      "total_revenue": 96469000000.0,
      "net_interest_income": 1088000000.0,
      "net_income": 26536000000.0,
      "gross_profit": 55856000000.0,
      "operating_income": 30972000000.0,
      "ebitda": 36501000000.0,
      "research_development": 13116000000.0,
      "selling_general_admin": 4405000000.0,
      "interest_expense": 53000000.0,
      "income_before_tax": 32243000000.0
    },
    "balance_sheet": {
      "total_assets": 450256000000.0,
      "total_current_assets": 163711000000.0,
      "total_debt": 25461000000.0,
      "short_term_debt": null,
      "long_term_debt": 10883000000.0,
      "total_current_liabilities": 89122000000.0,
      "stockholders_equity": 325084000000.0,
      "retained_earnings": 245084000000.0,
      "cash_and_equivalents": 23466000000.0,
      "inventory": null,
      "accounts_receivable": 52340000000.0
    },
    "cash_flow": {
      "operating_cash_flow": 39113000000.0,
      "capital_expenditure": 14276000000.0,
      "free_cash_flow": 53389000000.0,
      "financing_cash_flow": -19036000000.0,
      "investing_cash_flow": -16180000000.0,
      "dividends_paid": 2442000000.0,
      "change_in_cash": null
    }
  },
  "2024-09-30": {
    "income_statement": {
      "total_revenue": 88268000000.0,
      "net_interest_income": 1243000000.0,
      "net_income": 26301000000.0,
      "gross_profit": 51794000000.0,
      "operating_income": 28521000000.0,
      "ebitda": 35745000000.0,
      "research_development": 12447000000.0,
      "selling_general_admin": 3599000000.0,
      "interest_expense": 54000000.0,
      "income_before_tax": 31706000000.0
    },
    "balance_sheet": {
      "total_assets": 430266000000.0,
      "total_current_assets": 157541000000.0,
      "total_debt": 26922000000.0,
      "short_term_debt": null,
      "long_term_debt": 10880000000.0,
      "total_current_liabilities": 80803000000.0,
      "stockholders_equity": 314119000000.0,
      "retained_earnings": 235317000000.0,
      "cash_and_equivalents": 19959000000.0,
      "inventory": null,
      "accounts_receivable": 49104000000.0
    },
    "cash_flow": {
      "operating_cash_flow": 30698000000.0,
      "capital_expenditure": 13061000000.0,
      "free_cash_flow": 43759000000.0,
      "financing_cash_flow": -20094000000.0,
      "investing_cash_flow": -18011000000.0,
      "dividends_paid": 2455000000.0,
      "change_in_cash": null
    }
  },
  "2024-06-30": {
    "income_statement": {
      "total_revenue": 84742000000.0,
      "net_interest_income": 1090000000.0,
      "net_income": 23619000000.0,
      "gross_profit": 49235000000.0,
      "operating_income": 27425000000.0,
      "ebitda": 31326000000.0,
      "research_development": 11860000000.0,
      "selling_general_admin": 3158000000.0,
      "interest_expense": 67000000.0,
      "income_before_tax": 27551000000.0
    },
    "balance_sheet": {
      "total_assets": 414770000000.0,
      "total_current_assets": 161995000000.0,
      "total_debt": 27801000000.0,
      "short_term_debt": null,
      "long_term_debt": 11876000000.0,
      "total_current_liabilities": 77913000000.0,
      "stockholders_equity": 300753000000.0,
      "retained_earnings": 226033000000.0,
      "cash_and_equivalents": 27225000000.0,
      "inventory": null,
      "accounts_receivable": 47087000000.0
    },
    "cash_flow": {
      "operating_cash_flow": 26640000000.0,
      "capital_expenditure": 13186000000.0,
      "free_cash_flow": 39826000000.0,
      "financing_cash_flow": -20889000000.0,
      "investing_cash_flow": -2781000000.0,
      "dividends_paid": 2466000000.0,
      "change_in_cash": null
    }
  },
  "2024-03-31": {
    "income_statement": {
      "total_revenue": 80539000000.0,
      "net_interest_income": 1061000000.0,
      "net_income": 23662000000.0,
      "gross_profit": 46827000000.0,
      "operating_income": 25472000000.0,
      "ebitda": 31822000000.0,
      "research_development": 11903000000.0,
      "selling_general_admin": 3026000000.0,
      "interest_expense": 94000000.0,
      "income_before_tax": 28315000000.0
    },
    "balance_sheet": {
      "total_assets": 407350000000.0,
      "total_current_assets": 165471000000.0,
      "total_debt": 28059000000.0,
      "short_term_debt": null,
      "long_term_debt": 11873000000.0,
      "total_current_liabilities": 76997000000.0,
      "stockholders_equity": 292844000000.0,
      "retained_earnings": 219770000000.0,
      "cash_and_equivalents": 24493000000.0,
      "inventory": null,
      "accounts_receivable": 44552000000.0
    },
    "cash_flow": {
      "operating_cash_flow": 28848000000.0,
      "capital_expenditure": 12012000000.0,
      "free_cash_flow": 40860000000.0,
      "financing_cash_flow": -19714000000.0,
      "investing_cash_flow": -8564000000.0,
      "dividends_paid": 0.0,
      "change_in_cash": null
    }
  },
  "2023-12-31": {
    "income_statement": {
      "total_revenue": 86310000000.0,
      "net_interest_income": 1110000000.0,
      "net_income": 20687000000.0,
      "gross_profit": 48735000000.0,
      "operating_income": 23697000000.0,
      "ebitda": 26044000000.0,
      "research_development": 12113000000.0,
      "selling_general_admin": 5206000000.0,
      "interest_expense": 69000000.0,
      "income_before_tax": 24412000000.0
    },
    "balance_sheet": {
      "total_assets": 402392000000.0,
      "total_current_assets": 171530000000.0,
      "total_debt": 27121000000.0,
      "short_term_debt": null,
      "long_term_debt": 11870000000.0,
      "total_current_liabilities": 81814000000.0,
      "stockholders_equity": 283379000000.0,
      "retained_earnings": 211247000000.0,
      "cash_and_equivalents": 24048000000.0,
      "inventory": null,
      "accounts_receivable": 47964000000.0
    },
    "cash_flow": {
      "operating_cash_flow": 18915000000.0,
      "capital_expenditure": 11019000000.0,
      "free_cash_flow": 29934000000.0,
      "financing_cash_flow": -19308000000.0,
      "investing_cash_flow": -6167000000.0,
      "dividends_paid": null,
      "change_in_cash": null
    }
  },
  "2023-09-30": {
    "income_statement": {
      "total_revenue": 76693000000.0,
      "net_interest_income": 1066000000.0,
      "net_income": 19689000000.0,
      "gross_profit": 43464000000.0,
      "operating_income": 21343000000.0,
      "ebitda": 24484000000.0,
      "research_development": 11258000000.0,
      "selling_general_admin": 3979000000.0,
      "interest_expense": 116000000.0,
      "income_before_tax": 21197000000.0
    },
    "balance_sheet": {
      "total_assets": 396711000000.0,
      "total_current_assets": 176310000000.0,
      "total_debt": 29046000000.0,
      "short_term_debt": null,
      "long_term_debt": 13781000000.0,
      "total_current_liabilities": 86295000000.0,
      "stockholders_equity": 273202000000.0,
      "retained_earnings": 205647000000.0,
      "cash_and_equivalents": 30702000000.0,
      "inventory": 2957000000.0,
      "accounts_receivable": 41020000000.0
    },
    "cash_flow": {
      "operating_cash_flow": 30656000000.0,
      "capital_expenditure": 8055000000.0,
      "free_cash_flow": 38711000000.0,
      "financing_cash_flow": -18382000000.0,
      "investing_cash_flow": -7150000000.0,
      "dividends_paid": 0.0,
      "change_in_cash": null
    }
  },
  "2023-06-30": {
    "income_statement": {
      "total_revenue": 74604000000.0,
      "net_interest_income": 892000000.0,
      "net_income": 18368000000.0,
      "gross_profit": 42688000000.0,
      "operating_income": 21838000000.0,
      "ebitda": 24770000000.0,
      "research_development": 10588000000.0,
      "selling_general_admin": 3481000000.0,
      "interest_expense": 43000000.0,
      "income_before_tax": 21903000000.0
    },
    "balance_sheet": {
      "total_assets": 383044000000.0,
      "total_current_assets": 168788000000.0,
      "total_debt": 26451000000.0,
      "short_term_debt": null,
      "long_term_debt": 13705000000.0,
      "total_current_liabilities": 77709000000.0,
      "stockholders_equity": 267141000000.0,
      "retained_earnings": 200884000000.0,
      "cash_and_equivalents": 25929000000.0,
      "inventory": 2231000000.0,
      "accounts_receivable": 38804000000.0
    },
    "cash_flow": {
      "operating_cash_flow": 28666000000.0,
      "capital_expenditure": 6888000000.0,
      "free_cash_flow": 35554000000.0,
      "financing_cash_flow": -17835000000.0,
      "investing_cash_flow": -10800000000.0,
      "dividends_paid": null,
      "change_in_cash": 31000000.0
    }
  },
  "2023-03-31": {
    "income_statement": {
      "total_revenue": 69787000000.0,
      "net_interest_income": 797000000.0,
      "net_income": 15051000000.0,
      "gross_profit": 39175000000.0,
      "operating_income": 17415000000.0,
      "ebitda": 20920000000.0,
      "research_development": 11468000000.0,
      "selling_general_admin": 3759000000.0,
      "interest_expense": 80000000.0,
      "income_before_tax": 18205000000.0
    },
    "balance_sheet": {
      "total_assets": 369491000000.0,
      "total_current_assets": 161985000000.0,
      "total_debt": 29121000000.0,
      "short_term_debt": null,
      "long_term_debt": 13697000000.0,
      "total_current_liabilities": 68854000000.0,
      "stockholders_equity": 260894000000.0,
      "retained_earnings": 196625000000.0,
      "cash_and_equivalents": 25924000000.0,
      "inventory": 2315000000.0,
      "accounts_receivable": 36036000000.0
    },
    "cash_flow": {
      "operating_cash_flow": 23509000000.0,
      "capital_expenditure": 6289000000.0,
      "free_cash_flow": 29798000000.0,
      "financing_cash_flow": -16568000000.0,
      "investing_cash_flow": -2946000000.0,
      "dividends_paid": null,
      "change_in_cash": 3995000000.0
    }
  },
  "2022-12-31": {
    "income_statement": {
      "total_revenue": 76048000000.0,
      "net_interest_income": 659000000.0,
      "net_income": 13624000000.0,
      "gross_profit": 40706000000.0,
      "operating_income": 18160000000.0,
      "ebitda": 21438000000.0,
      "research_development": 10267000000.0,
      "selling_general_admin": 5096000000.0,
      "interest_expense": 90000000.0,
      "income_before_tax": 17147000000.0
    },
    "balance_sheet": {
      "total_assets": 365264000000.0,
      "total_current_assets": 164795000000.0,
      "total_debt": 29679000000.0,
      "short_term_debt": null,
      "long_term_debt": 12857000000.0,
      "total_current_liabilities": 69300000000.0,
      "stockholders_equity": 256144000000.0,
      "retained_earnings": 195563000000.0,
      "cash_and_equivalents": 21879000000.0,
      "inventory": 2670000000.0,
      "accounts_receivable": 40258000000.0
    },
    "cash_flow": {
      "operating_cash_flow": 23614000000.0,
      "capital_expenditure": 7595000000.0,
      "free_cash_flow": 31209000000.0,
      "financing_cash_flow": -17629000000.0,
      "investing_cash_flow": -6227000000.0,
      "dividends_paid": null,
      "change_in_cash": -242000000.0
    }
  },
  "2022-09-30": {
    "income_statement": {
      "total_revenue": 69092000000.0,
      "net_interest_income": 615000000.0,
      "net_income": 13910000000.0,
      "gross_profit": 37934000000.0,
      "operating_income": 17135000000.0,
      "ebitda": 20380000000.0,
      "research_development": 10273000000.0,
      "selling_general_admin": 3597000000.0,
      "interest_expense": 101000000.0,
      "income_before_tax": 16233000000.0
    },
    "balance_sheet": {
      "total_assets": 358255000000.0,
      "total_current_assets": 166109000000.0,
      "total_debt": 28922000000.0,
      "short_term_debt": null,
      "long_term_debt": 14653000000.0,
      "total_current_liabilities": 65979000000.0,
      "stockholders_equity": 253626000000.0,
      "retained_earnings": 196220000000.0,
      "cash_and_equivalents": 21984000000.0,
      "inventory": 3156000000.0,
      "accounts_receivable": 36176000000.0
    },
    "cash_flow": {
      "operating_cash_flow": 23353000000.0,
      "capital_expenditure": 7276000000.0,
      "free_cash_flow": 30629000000.0,
      "financing_cash_flow": -18097000000.0,
      "investing_cash_flow": -833000000.0,
      "dividends_paid": null,
      "change_in_cash": 4423000000.0
    }
  },
  "2022-06-30": {
    "income_statement": {
      "total_revenue": 69685000000.0,
      "net_interest_income": 486000000.0,
      "net_income": 16002000000.0,
      "gross_profit": 39581000000.0,
      "operating_income": 19453000000.0,
      "ebitda": 22996000000.0,
      "research_development": 9841000000.0,
      "selling_general_admin": 3657000000.0,
      "interest_expense": 83000000.0,
      "income_before_tax": 19014000000.0
    },
    "balance_sheet": {
      "total_assets": 355185000000.0,
      "total_current_assets": 172371000000.0,
      "total_debt": 28728000000.0,
      "short_term_debt": null,
      "long_term_debt": 12850000000.0,
      "total_current_liabilities": 61354000000.0,
      "stockholders_equity": 255419000000.0,
      "retained_earnings": 196845000000.0,
      "cash_and_equivalents": 17936000000.0,
      "inventory": 1980000000.0,
      "accounts_receivable": 37073000000.0
    },
    "cash_flow": {
      "operating_cash_flow": 19422000000.0,
      "capital_expenditure": 6828000000.0,
      "free_cash_flow": 26250000000.0,
      "financing_cash_flow": -17817000000.0,
      "investing_cash_flow": -4187000000.0,
      "dividends_paid": null,
      "change_in_cash": -2582000000.0
    }
  },
  "2022-03-31": {
    "income_statement": {
      "total_revenue": 68011000000.0,
      "net_interest_income": 414000000.0,
      "net_income": 16436000000.0,
      "gross_profit": 38412000000.0,
      "operating_income": 20094000000.0,
      "ebitda": 22799000000.0,
      "research_development": 9119000000.0,
      "selling_general_admin": 3374000000.0,
      "interest_expense": 83000000.0,
      "income_before_tax": 18934000000.0
    },
    "balance_sheet": {
      "total_assets": 357096000000.0,
      "total_current_assets": 177853000000.0,
      "total_debt": 28421000000.0,
      "short_term_debt": null,
      "long_term_debt": 14791000000.0,
      "total_current_liabilities": 61948000000.0,
      "stockholders_equity": 254004000000.0,
      "retained_earnings": 195221000000.0,
      "cash_and_equivalents": 20886000000.0,
      "inventory": 1369000000.0,
      "accounts_receivable": 35622000000.0
    },
    "cash_flow": {
      "operating_cash_flow": 25106000000.0,
      "capital_expenditure": 9786000000.0,
      "free_cash_flow": 34892000000.0,
      "financing_cash_flow": -16214000000.0,
      "investing_cash_flow": -9051000000.0,
      "dividends_paid": null,
      "change_in_cash": -159000000.0
    }
  },
  "2021-12-31": {
    "income_statement": {
      "total_revenue": 75325000000.0,
      "net_interest_income": 378000000.0,
      "net_income": 20642000000.0,
      "gross_profit": 42337000000.0,
      "operating_income": 21885000000.0,
      "ebitda": 27958000000.0,
      "research_development": 8708000000.0,
      "selling_general_admin": 4140000000.0,
      "interest_expense": 117000000.0,
      "income_before_tax": 24402000000.0
    },
    "balance_sheet": {
      "total_assets": 359268000000.0,
      "total_current_assets": 188143000000.0,
      "total_debt": 28395000000.0,
      "short_term_debt": null,
      "long_term_debt": 14817000000.0,
      "total_current_liabilities": 64254000000.0,
      "stockholders_equity": 251635000000.0,
      "retained_earnings": 191484000000.0,
      "cash_and_equivalents": 20945000000.0,
      "inventory": 1170000000.0,
      "accounts_receivable": 39304000000.0
    },
    "cash_flow": {
      "operating_cash_flow": 24934000000.0,
      "capital_expenditure": 6383000000.0,
      "free_cash_flow": 31317000000.0,
      "financing_cash_flow": -16511000000.0,
      "investing_cash_flow": -11016000000.0,
      "dividends_paid": null,
      "change_in_cash": -2593000000.0
    }
  },
  "2021-09-30": {
    "income_statement": {
      "total_revenue": 65118000000.0,
      "net_interest_income": 387000000.0,
      "net_income": 18936000000.0,
      "gross_profit": 37497000000.0,
      "operating_income": 21031000000.0,
      "ebitda": 26445000000.0,
      "research_development": 7694000000.0,
      "selling_general_admin": 3256000000.0,
      "interest_expense": 77000000.0,
      "income_before_tax": 23064000000.0
    },
    "balance_sheet": {
      "total_assets": 347403000000.0,
      "total_current_assets": 184110000000.0,
      "total_debt": 27860000000.0,
      "short_term_debt": null,
      "long_term_debt": 14288000000.0,
      "total_current_liabilities": 61782000000.0,
      "stockholders_equity": 244567000000.0,
      "retained_earnings": 183782000000.0,
      "cash_and_equivalents": 23719000000.0,
      "inventory": 1278000000.0,
      "accounts_receivable": 34800000000.0
    },
    "cash_flow": {
      "operating_cash_flow": 25539000000.0,
      "capital_expenditure": 6819000000.0,
      "free_cash_flow": 32358000000.0,
      "financing_cash_flow": -15254000000.0,
      "investing_cash_flow": -10050000000.0,
      "dividends_paid": null,
      "change_in_cash": 235000000.0
    }
  },
  "2021-06-30": {
    "income_statement": {
      "total_revenue": 61880000000.0,
      "net_interest_income": 389000000.0,
      "net_income": 18525000000.0,
      "gross_profit": 35653000000.0,
      "operating_income": 19361000000.0,
      "ebitda": 25006000000.0,
      "research_development": 7675000000.0,
      "selling_general_admin": 3341000000.0,
      "interest_expense": 76000000.0,
      "income_before_tax": 21985000000.0
    },
    "balance_sheet": {
      "total_assets": 335387000000.0,
      "total_current_assets": 175697000000.0,
      "total_debt": 27984000000.0,
      "short_term_debt": null,
      "long_term_debt": 14328000000.0,
      "total_current_liabilities": 55741000000.0,
      "stockholders_equity": 237565000000.0,
      "retained_earnings": 176939000000.0,
      "cash_and_equivalents": 23630000000.0,
      "inventory": 907000000.0,
      "accounts_receivable": 32851000000.0
    },
    "cash_flow": {
      "operating_cash_flow": 21890000000.0,
      "capital_expenditure": 5496000000.0,
      "free_cash_flow": 27386000000.0,
      "financing_cash_flow": -15991000000.0,
      "investing_cash_flow": -9074000000.0,
      "dividends_paid": null,
      "change_in_cash": -3175000000.0
    }
  },
  "2021-03-31": {
    "income_statement": {
      "total_revenue": 55314000000.0,
      "net_interest_income": 345000000.0,
      "net_income": 17930000000.0,
      "gross_profit": 31211000000.0,
      "operating_income": 16437000000.0,
      "ebitda": 24112000000.0,
      "research_development": 7485000000.0,
      "selling_general_admin": 2773000000.0,
      "interest_expense": 76000000.0,
      "income_before_tax": 21283000000.0
    },
    "balance_sheet": {
      "total_assets": 327095000000.0,
      "total_current_assets": 172137000000.0,
      "total_debt": 27157000000.0,
      "short_term_debt": null,
      "long_term_debt": 13887000000.0,
      "total_current_liabilities": 55453000000.0,
      "stockholders_equity": 230013000000.0,
      "retained_earnings": 170580000000.0,
      "cash_and_equivalents": 26622000000.0,
      "inventory": 888000000.0,
      "accounts_receivable": 28499000000.0
    },
    "cash_flow": {
      "operating_cash_flow": 19289000000.0,
      "capital_expenditure": 5942000000.0,
      "free_cash_flow": 25231000000.0,
      "financing_cash_flow": -13606000000.0,
      "investing_cash_flow": -5383000000.0,
      "dividends_paid": null,
      "change_in_cash": 300000000.0
    }
  },
  "2020-12-31": {
    "income_statement": {
      "total_revenue": 56898000000.0,
      "net_interest_income": 386000000.0,
      "net_income": 15227000000.0,
      "gross_profit": 30818000000.0,
      "operating_income": 15651000000.0,
      "ebitda": 22467000000.0,
      "research_development": 7022000000.0,
      "selling_general_admin": 2831000000.0,
      "interest_expense": 53000000.0,
      "income_before_tax": 18689000000.0
    },
    "balance_sheet": {
      "total_assets": 319616000000.0,
      "total_current_assets": 174296000000.0,
      "total_debt": 26772000000.0,
      "short_term_debt": null,
      "long_term_debt": 13932000000.0,
      "total_current_liabilities": 56834000000.0,
      "stockholders_equity": 222544000000.0,
      "retained_earnings": 163401000000.0,
      "cash_and_equivalents": 26465000000.0,
      "inventory": 728000000.0,
      "accounts_receivable": 31384000000.0
    },
    "cash_flow": {
      "operating_cash_flow": 22677000000.0,
      "capital_expenditure": 5479000000.0,
      "free_cash_flow": 28156000000.0,
      "financing_cash_flow": -9270000000.0,
      "investing_cash_flow": -7281000000.0,
      "dividends_paid": null,
      "change_in_cash": 6126000000.0
    }
  },
  "2020-09-30": {
    "income_statement": {
      "total_revenue": 46173000000.0,
      "net_interest_income": 460000000.0,
      "net_income": 11247000000.0,
      "gross_profit": 25056000000.0,
      "operating_income": 11213000000.0,
      "ebitda": 16885000000.0,
      "research_development": 6856000000.0,
      "selling_general_admin": 2756000000.0,
      "interest_expense": 48000000.0,
      "income_before_tax": 13359000000.0
    },
    "balance_sheet": {
      "total_assets": 299243000000.0,
      "total_current_assets": 164369000000.0,
      "total_debt": 26421000000.0,
      "short_term_debt": null,
      "long_term_debt": 13902000000.0,
      "total_current_liabilities": 48200000000.0,
      "stockholders_equity": 212920000000.0,
      "retained_earnings": 155567000000.0,
      "cash_and_equivalents": 20129000000.0,
      "inventory": 835000000.0,
      "accounts_receivable": 25513000000.0
    },
    "cash_flow": {
      "operating_cash_flow": 17003000000.0,
      "capital_expenditure": 5406000000.0,
      "free_cash_flow": 22409000000.0,
      "financing_cash_flow": 546000000.0,
      "investing_cash_flow": -15197000000.0,
      "dividends_paid": null,
      "change_in_cash": 2352000000.0
    }
  }
}