{
  "2025-06-30": {
    "income_statement": {
      "total_revenue": 989000000.0,
      "net_interest_income": null,
      "net_income": 386000000.0,
      "gross_profit": 913000000.0,
      "operating_income": 363000000.0,
      "ebitda": 363000000.0,
      "research_development": 214000000.0,
      "selling_general_admin": 132000000.0,
      "interest_expense": null,
      "income_before_tax": 442000000.0
    },
    "balance_sheet": {
      "total_assets": 35324000000.0,
      "total_current_assets": 33833000000.0,
      "total_debt": null,
      "short_term_debt": null,
      "long_term_debt": null,
      "total_current_liabilities": 27122000000.0,
      "stockholders_equity": 8072000000.0,
      "retained_earnings": -3313000000.0,
      "cash_and_equivalents": 4162000000.0,
      "inventory": null,
      "accounts_receivable": 9685000000.0
    },
    "cash_flow": {
      "operating_cash_flow": 3509000000.0,
      "capital_expenditure": 8000000.0,
      "free_cash_flow": 3517000000.0,
      "financing_cash_flow": -286000000.0,
      "investing_cash_flow": 832000000.0,
      "dividends_paid": null,
      "change_in_cash": null
    }
  },
  "2025-03-31": {
    "income_statement": {
      "total_revenue": 927000000.0,
      "net_interest_income": null,
      "net_income": 336000000.0,
      "gross_profit": 793000000.0,
      "operating_income": 372000000.0,
      "ebitda": 392000000.0,
      "research_development": 214000000.0,
      "selling_general_admin": 78000000.0,
      "interest_expense": null,
      "income_before_tax": 371000000.0
    },
    "balance_sheet": {
      "total_assets": 27517000000.0,
      "total_current_assets": 26215000000.0,
      "total_debt": null,
      "short_term_debt": null,
      "long_term_debt": null,
      "total_current_liabilities": 19431000000.0,
      "stockholders_equity": 7953000000.0,
      "retained_earnings": -3699000000.0,
      "cash_and_equivalents": 4416000000.0,
      "inventory": null,
      "accounts_receivable": 9167000000.0
    },
    "cash_flow": {
      "operating_cash_flow": 642000000.0,
      "capital_expenditure": 2000000.0,
      "free_cash_flow": 644000000.0,
      "financing_cash_flow": -417000000.0,
      "investing_cash_flow": 9000000.0,
      "dividends_paid": null,
      "change_in_cash": null
    }
  },
  "2024-12-31": {
    "income_statement": {
      "total_revenue": 1014000000.0,
      "net_interest_income": null,
      "net_income": 916000000.0,
      "gross_profit": 870000000.0,
      "operating_income": 558000000.0,
      "ebitda": 580000000.0,
      "research_development": 208000000.0,
      "selling_general_admin": 5000000.0,
      "interest_expense": null,
      "income_before_tax": 558000000.0
    },
    "balance_sheet": {
      "total_assets": 26187000000.0,
      "total_current_assets": 25103000000.0,
      "total_debt": 7463000000.0,
      "short_term_debt": null,
      "long_term_debt": null,
      "total_current_liabilities": 18104000000.0,
      "stockholders_equity": 7972000000.0,
      "retained_earnings": -4035000000.0,
      "cash_and_equivalents": 4332000000.0,
      "inventory": null,
      "accounts_receivable": 8710000000.0
    },
    "cash_flow": {
      "operating_cash_flow": -1400000000.0,
      "capital_expenditure": 4000000.0,
      "free_cash_flow": -1396000000.0,
      "financing_cash_flow": -178000000.0,
      "investing_cash_flow": 34000000.0,
      "dividends_paid": null,
      "change_in_cash": null
    }
  },
  "2024-09-30": {
    "income_statement": {
      "total_revenue": 637000000.0,
      "net_interest_income": null,
      "net_income": 150000000.0,
      "gross_profit": 516000000.0,
      "operating_income": 151000000.0,
      "ebitda": 171000000.0,
      "research_development": 205000000.0,
      "selling_general_admin": 82000000.0,
      "interest_expense": null,
      "income_before_tax": 153000000.0
    },
    "balance_sheet": {
      "total_assets": 43245000000.0,
      "total_current_assets": 42605000000.0,
      "total_debt": 7306000000.0,
      "short_term_debt": null,
      "long_term_debt": null,
      "total_current_liabilities": 35958000000.0,
      "stockholders_equity": 7208000000.0,
      "retained_earnings": -4951000000.0,
      "cash_and_equivalents": 4611000000.0,
      "inventory": -225000000.0,
      "accounts_receivable": 5685000000.0
    },
    "cash_flow": {
      "operating_cash_flow": 1812000000.0,
      "capital_expenditure": 19000000.0,
      "free_cash_flow": 1831000000.0,
      "financing_cash_flow": -95000000.0,
      "investing_cash_flow": -123000000.0,
      "dividends_paid": null,
      "change_in_cash": null
    }
  },
  "2024-06-30": {
    "income_statement": {
      "total_revenue": 682000000.0,
      "net_interest_income": null,
      "net_income": 188000000.0,
      "gross_profit": 559000000.0,
      "operating_income": 189000000.0,
      "ebitda": 207000000.0,
      "research_development": 209000000.0,
      "selling_general_admin": 79000000.0,
      "interest_expense": null,
      "income_before_tax": 191000000.0
    },
    "balance_sheet": {
      "total_assets": 41346000000.0,
      "total_current_assets": 40706000000.0,
      "total_debt": 5091000000.0,
      "short_term_debt": null,
      "long_term_debt": null,
      "total_current_liabilities": 34140000000.0,
      "stockholders_equity": 7122000000.0,
      "retained_earnings": -5101000000.0,
      "cash_and_equivalents": 4524000000.0,
      "inventory": -31598000000.0,
      "accounts_receivable": 5189000000.0
    },
    "cash_flow": {
      "operating_cash_flow": 54000000.0,
      "capital_expenditure": 7000000.0,
      "free_cash_flow": 61000000.0,
      "financing_cash_flow": -42000000.0,
      "investing_cash_flow": -12000000.0,
      "dividends_paid": null,
      "change_in_cash": null
    }
  },
  "2024-03-31": {
    "income_statement": {
      "total_revenue": 618000000.0,
      "net_interest_income": null,
      "net_income": 157000000.0,
      "gross_profit": 502000000.0,
      "operating_income": 160000000.0,
      "ebitda": 177000000.0,
      "research_development": 196000000.0,
      "selling_general_admin": 65000000.0,
      "interest_expense": null,
      "income_before_tax": 162000000.0
    },
    "balance_sheet": {
      "total_assets": 46088000000.0,
      "total_current_assets": 45545000000.0,
      "total_debt": 4215000000.0,
      "short_term_debt": null,
      "long_term_debt": null,
      "total_current_liabilities": 39113000000.0,
      "stockholders_equity": 6885000000.0,
      "retained_earnings": -5289000000.0,
      "cash_and_equivalents": 4717000000.0,
      "inventory": 483000000.0,
      "accounts_receivable": 4510000000.0
    },
    "cash_flow": {
      "operating_cash_flow": -623000000.0,
      "capital_expenditure": 9000000.0,
      "free_cash_flow": -614000000.0,
      "financing_cash_flow": -30000000.0,
      "investing_cash_flow": -47000000.0,
      "dividends_paid": null,
      "change_in_cash": null
    }
  },
  "2023-12-31": {
    "income_statement": {
      "total_revenue": 471000000.0,
      "net_interest_income": null,
      "net_income": 30000000.0,
      "gross_profit": 368000000.0,
      "operating_income": 30000000.0,
      "ebitda": 47000000.0,
      "research_development": 197000000.0,
      "selling_general_admin": 84000000.0,
      "interest_expense": 17000000.0,
      "income_before_tax": 29000000.0
    },
    "balance_sheet": {
      "total_assets": 17624000000.0,
      "total_current_assets": 17082000000.0,
      "total_debt": 3547000000.0,
      "short_term_debt": null,
      "long_term_debt": null,
      "total_current_liabilities": 10837000000.0,
      "stockholders_equity": 6696000000.0,
      "retained_earnings": -5446000000.0,
      "cash_and_equivalents": 4835000000.0,
      "inventory": null,
      "accounts_receivable": 3584000000.0
    },
    "cash_flow": {
      "operating_cash_flow": 1056000000.0,
      "capital_expenditure": 6000000.0,
      "free_cash_flow": 1062000000.0,
      "financing_cash_flow": 311000000.0,
      "investing_cash_flow": -1088000000.0,
      "dividends_paid": 15000000.0,
      "change_in_cash": null
    }
  },
  "2023-09-30": {
    "income_statement": {
      "total_revenue": 467000000.0,
      "net_interest_income": null,
      "net_income": -85000000.0,
      "gross_profit": 354000000.0,
      "operating_income": -67000000.0,
      "ebitda": -54000000.0,
      "research_development": 202000000.0,
      "selling_general_admin": 182000000.0,
      "interest_expense": 6000000.0,
      "income_before_tax": -75000000.0
    },
    "balance_sheet": {
      "total_assets": 26318000000.0,
      "total_current_assets": 25739000000.0,
      "total_debt": 3245000000.0,
      "short_term_debt": null,
      "long_term_debt": null,
      "total_current_liabilities": 19648000000.0,
      "stockholders_equity": 6574000000.0,
      "retained_earnings": -5476000000.0,
      "cash_and_equivalents": 4889000000.0,
      "inventory": 3798000000.0,
      "accounts_receivable": 3767000000.0
    },
    "cash_flow": {
      "operating_cash_flow": -986000000.0,
      "capital_expenditure": 6000000.0,
      "free_cash_flow": -980000000.0,
      "financing_cash_flow": -362000000.0,
      "investing_cash_flow": -97000000.0,
      "dividends_paid": null,
      "change_in_cash": null
    }
  },
  "2023-06-30": {
    "income_statement": {
      "total_revenue": 486000000.0,
      "net_interest_income": null,
      "net_income": 25000000.0,
      "gross_profit": 364000000.0,
      "operating_income": 20000000.0,
      "ebitda": 35000000.0,
      "research_development": 207000000.0,
      "selling_general_admin": 105000000.0,
      "interest_expense": 5000000.0,
      "income_before_tax": 22000000.0
    },
    "balance_sheet": {
      "total_assets": 28660000000.0,
      "total_current_assets": 28106000000.0,
      "total_debt": 2982000000.0,
      "short_term_debt": null,
      "long_term_debt": null,
      "total_current_liabilities": 21356000000.0,
      "stockholders_equity": 7187000000.0,
      "retained_earnings": -5391000000.0,
      "cash_and_equivalents": 5829000000.0,
      "inventory": 4531000000.0,
      "accounts_receivable": 3430000000.0
    },
    "cash_flow": {
      "operating_cash_flow": 113000000.0,
      "capital_expenditure": 4000000.0,
      "free_cash_flow": 117000000.0,
      "financing_cash_flow": 380000000.0,
      "investing_cash_flow": -1000000.0,
      "dividends_paid": 13000000.0,
      "change_in_cash": 376000000.0
    }
  },
  "2023-03-31": {
    "income_statement": {
      "total_revenue": 441000000.0,
      "net_interest_income": null,
      "net_income": -511000000.0,
      "gross_profit": 327000000.0,
      "operating_income": -501000000.0,
      "ebitda": -481000000.0,
      "research_development": 199000000.0,
      "selling_general_admin": 590000000.0,
      "interest_expense": 6000000.0,
      "income_before_tax": -509000000.0
    },
    "balance_sheet": {
      "total_assets": 27785000000.0,
      "total_current_assets": 27188000000.0,
      "total_debt": 2609000000.0,
      "short_term_debt": null,
      "long_term_debt": null,
      "total_current_liabilities": 20617000000.0,
      "stockholders_equity": 7046000000.0,
      "retained_earnings": -5416000000.0,
      "cash_and_equivalents": 5459000000.0,
      "inventory": -2553000000.0,
      "accounts_receivable": 3264000000.0
    },
    "cash_flow": {
      "operating_cash_flow": 828000000.0,
      "capital_expenditure": 5000000.0,
      "free_cash_flow": 833000000.0,
      "financing_cash_flow": -11000000.0,
      "investing_cash_flow": -481000000.0,
      "dividends_paid": 2000000.0,
      "change_in_cash": 336000000.0
    }
  },
  "2022-12-31": {
    "income_statement": {
      "total_revenue": 380000000.0,
      "net_interest_income": null,
      "net_income": -166000000.0,
      "gross_profit": 225000000.0,
      "operating_income": -180000000.0,
      "ebitda": -163000000.0,
      "research_development": 183000000.0,
      "selling_general_admin": 178000000.0,
      "interest_expense": 6000000.0,
      "income_before_tax": -168000000.0
    },
    "balance_sheet": {
      "total_assets": 23337000000.0,
      "total_current_assets": 22917000000.0,
      "total_debt": 1834000000.0,
      "short_term_debt": null,
      "long_term_debt": null,
      "total_current_liabilities": 16253000000.0,
      "stockholders_equity": 6956000000.0,
      "retained_earnings": -4905000000.0,
      "cash_and_equivalents": 6339000000.0,
      "inventory": 3267000000.0,
      "accounts_receivable": 3294000000.0
    },
    "cash_flow": {
      "operating_cash_flow": 181000000.0,
      "capital_expenditure": 10000000.0,
      "free_cash_flow": 191000000.0,
      "financing_cash_flow": 411000000.0,
      "investing_cash_flow": 11000000.0,
      "dividends_paid": null,
      "change_in_cash": null
    }
  },
  "2022-09-30": {
    "income_statement": {
      "total_revenue": 361000000.0,
      "net_interest_income": null,
      "net_income": -175000000.0,
      "gross_profit": 224000000.0,
      "operating_income": -127000000.0,
      "ebitda": -112000000.0,
      "research_development": 185000000.0,
      "selling_general_admin": 126000000.0,
      "interest_expense": 6000000.0,
      "income_before_tax": -174000000.0
    },
    "balance_sheet": {
      "total_assets": 24601000000.0,
      "total_current_assets": 24145000000.0,
      "total_debt": 1583000000.0,
      "short_term_debt": null,
      "long_term_debt": null,
      "total_current_liabilities": 17509000000.0,
      "stockholders_equity": 6954000000.0,
      "retained_earnings": -4739000000.0,
      "cash_and_equivalents": 6187000000.0,
      "inventory": 3235000000.0,
      "accounts_receivable": 4121000000.0
    },
    "cash_flow": {
      "operating_cash_flow": -207000000.0,
      "capital_expenditure": 14000000.0,
      "free_cash_flow": -193000000.0,
      "financing_cash_flow": -1000000.0,
      "investing_cash_flow": -11000000.0,
      "dividends_paid": 2000000.0,
      "change_in_cash": -219000000.0
    }
  },
  "2022-06-30": {
    "income_statement": {
      "total_revenue": 318000000.0,
      "net_interest_income": null,
      "net_income": -295000000.0,
      "gross_profit": 176000000.0,
      "operating_income": -292000000.0,
      "ebitda": -275000000.0,
      "research_development": 245000000.0,
      "selling_general_admin": 162000000.0,
      "interest_expense": 2000000.0,
      "income_before_tax": -294000000.0
    },
    "balance_sheet": {
      "total_assets": 24548000000.0,
      "total_current_assets": 24045000000.0,
      "total_debt": 1521000000.0,
      "short_term_debt": null,
      "long_term_debt": null,
      "total_current_liabilities": 17399000000.0,
      "stockholders_equity": 7017000000.0,
      "retained_earnings": -4564000000.0,
      "cash_and_equivalents": 5962000000.0,
      "inventory": -9000000.0,
      "accounts_receivable": 4235000000.0
    },
    "cash_flow": {
      "operating_cash_flow": -1263000000.0,
      "capital_expenditure": 12000000.0,
      "free_cash_flow": -1251000000.0,
      "financing_cash_flow": 1000000.0,
      "investing_cash_flow": -26000000.0,
      "dividends_paid": null,
      "change_in_cash": -1288000000.0
    }
  },
  "2022-03-31": {
    "income_statement": {
      "total_revenue": 299000000.0,
      "net_interest_income": null,
      "net_income": -392000000.0,
      "gross_profit": 153000000.0,
      "operating_income": -379000000.0,
      "ebitda": -367000000.0,
      "research_development": 268000000.0,
      "selling_general_admin": 202000000.0,
      "interest_expense": null,
      "income_before_tax": -391000000.0
    },
    "balance_sheet": {
      "total_assets": 18872000000.0,
      "total_current_assets": 18355000000.0,
      "total_debt": 2334000000.0,
      "short_term_debt": null,
      "long_term_debt": null,
      "total_current_liabilities": 11581000000.0,
      "stockholders_equity": 7131000000.0,
      "retained_earnings": -4269000000.0,
      "cash_and_equivalents": 6191000000.0,
      "inventory": 4827000000.0,
      "accounts_receivable": 5339000000.0
    },
    "cash_flow": {
      "operating_cash_flow": 437000000.0,
      "capital_expenditure": 21000000.0,
      "free_cash_flow": 458000000.0,
      "financing_cash_flow": -14000000.0,
      "investing_cash_flow": -34000000.0,
      "dividends_paid": null,
      "change_in_cash": 403000000.0
    }
  },
  "2021-12-31": {
    "income_statement": {
      "total_revenue": 362713000.0,
      "net_interest_income": null,
      "net_income": -423267000.0,
      "gross_profit": 229508000.0,
      "operating_income": -483485000.0,
      "ebitda": -473724000.0,
      "research_development": 280420000.0,
      "selling_general_admin": 357035000.0,
      "interest_expense": 2799000.0,
      "income_before_tax": -420309000.0
    },
    "balance_sheet": {
      "total_assets": 19769000000.0,
      "total_current_assets": 19283542000.0,
      "total_debt": 3651000000.0,
      "short_term_debt": null,
      "long_term_debt": null,
      "total_current_liabilities": 12347000000.0,
      "stockholders_equity": 7293000000.0,
      "retained_earnings": -3877000000.0,
      "cash_and_equivalents": 6253000000.0,
      "inventory": -42130000.0,
      "accounts_receivable": 6727000000.0
    },
    "cash_flow": {
      "operating_cash_flow": -275632000.0,
      "capital_expenditure": 24927000.0,
      "free_cash_flow": -250705000.0,
      "financing_cash_flow": -6092000.0,
      "investing_cash_flow": -58405000.0,
      "dividends_paid": 24508000.0,
      "change_in_cash": null
    }
  },
  "2021-09-30": {
    "income_statement": {
      "total_revenue": 365000000.0,
      "net_interest_income": null,
      "net_income": -1317000000.0,
      "gross_profit": 226000000.0,
      "operating_income": -1343000000.0,
      "ebitda": -1335000000.0,
      "research_development": 679000000.0,
      "selling_general_admin": 795000000.0,
      "interest_expense": null,
      "income_before_tax": -1367000000.0
    },
    "balance_sheet": {
      "total_assets": 19317368000.0,
      "total_current_assets": 18849696000.0,
      "total_debt": 3129650000.0,
      "short_term_debt": null,
      "long_term_debt": null,
      "total_current_liabilities": 11798418000.0,
      "stockholders_equity": 7384582000.0,
      "retained_earnings": -3453268000.0,
      "cash_and_equivalents": 6166705000.0,
      "inventory": 4784519000.0,
      "accounts_receivable": 6224459000.0
    },
    "cash_flow": {
      "operating_cash_flow": -1008262000.0,
      "capital_expenditure": 30864000.0,
      "free_cash_flow": -977398000.0,
      "financing_cash_flow": 1650848000.0,
      "investing_cash_flow": -151613000.0,
      "dividends_paid": null,
      "change_in_cash": null
    }
  },
  "2021-06-30": {
    "income_statement": {
      "total_revenue": 565000000.0,
      "net_interest_income": null,
      "net_income": -502000000.0,
      "gross_profit": 444000000.0,
      "operating_income": 64000000.0,
      "ebitda": 69000000.0,
      "research_development": 156000000.0,
      "selling_general_admin": 68000000.0,
      "interest_expense": null,
      "income_before_tax": -464000000.0
    },
    "balance_sheet": {
      "total_assets": 18088582000.0,
      "total_current_assets": 17900887000.0,
      "total_debt": 7832683000.0,
      "short_term_debt": null,
      "long_term_debt": 5189783000.0,
      "total_current_liabilities": 12240276000.0,
      "stockholders_equity": -1984764000.0,
      "retained_earnings": -2136571000.0,
      "cash_and_equivalents": 5077752000.0,
      "inventory": 5714210000.0,
      "accounts_receivable": 5633435000.0
    },
    "cash_flow": {
      "operating_cash_flow": 2281317000.0,
      "capital_expenditure": 16500000.0,
      "free_cash_flow": 2297817000.0,
      "financing_cash_flow": 893000.0,
      "investing_cash_flow": -16500000.0,
      "dividends_paid": null,
      "change_in_cash": null
    }
  },
  "2021-03-31": {
    "income_statement": {
      "total_revenue": 522000000.0,
      "net_interest_income": 65296000.0,
      "net_income": -1445000000.0,
      "gross_profit": 425000000.0,
      "operating_income": 58000000.0,
      "ebitda": 62000000.0,
      "research_development": 117000000.0,
      "selling_general_admin": 103000000.0,
      "interest_expense": 2799000.0,
      "income_before_tax": -1433000000.0
    },
    "balance_sheet": {
      "total_assets": 15104493000.0,
      "total_current_assets": 14967248000.0,
      "total_debt": 6706216000.0,
      "short_term_debt": null,
      "long_term_debt": 4675082000.0,
      "total_current_liabilities": 9308936000.0,
      "stockholders_equity": -1485186000.0,
      "retained_earnings": -1634906000.0,
      "cash_and_equivalents": 4794546000.0,
      "inventory": 3418307000.0,
      "accounts_receivable": 5542535000.0
    },
    "cash_flow": {
      "operating_cash_flow": -1882196000.0,
      "capital_expenditure": 11362000.0,
      "free_cash_flow": -1870834000.0,
      "financing_cash_flow": 3557772000.0,
      "investing_cash_flow": -11362000.0,
      "dividends_paid": null,
      "change_in_cash": null
    }
  },
  "2020-12-31": {
    "income_statement": {
      "total_revenue": 317542000.0,
      "net_interest_income": null,
      "net_income": 13028000.0,
      "gross_profit": 248864000.0,
      "operating_income": 65032000.0,
      "ebitda": 68398000.0,
      "research_development": 81963000.0,
      "selling_general_admin": 38907000.0,
      "interest_expense": null,
      "income_before_tax": 19294000.0
    },
    "balance_sheet": {
      "total_assets": 10988474000.0,
      "total_current_assets": 10872584000.0,
      "total_debt": 1921118000.0,
      "short_term_debt": null,
      "long_term_debt": null,
      "total_current_liabilities": 8816045000.0,
      "stockholders_equity": -55322000.0,
      "retained_earnings": -190103000.0,
      "cash_and_equivalents": 1402629000.0,
      "inventory": 5168803000.0,
      "accounts_receivable": 3478643000.0
    },
    "cash_flow": {
      "operating_cash_flow": 346706000.0,
      "capital_expenditure": 9040000.0,
      "free_cash_flow": 355746000.0,
      "financing_cash_flow": 4946000.0,
      "investing_cash_flow": -9040000.0,
      "dividends_paid": null,
      "change_in_cash": null
    }
  },
  "2020-09-30": {
    "income_statement": {
      "total_revenue": 269530000.0,
      "net_interest_income": null,
      "net_income": -10661000.0,
      "gross_profit": 205909000.0,
      "operating_income": 54712000.0,
      "ebitda": 57371000.0,
      "research_development": 55491000.0,
      "selling_general_admin": 27145000.0,
      "interest_expense": null,
      "income_before_tax": -10994000.0
    },
    "balance_sheet": {
      "total_assets": 10988474000.0,
      "total_current_assets": 10872584000.0,
      "total_debt": null,
      "short_term_debt": null,
      "long_term_debt": null,
      "total_current_liabilities": 8816045000.0,
      "stockholders_equity": -55322000.0,
      "retained_earnings": -190103000.0,
      "cash_and_equivalents": 1402629000.0,
      "inventory": null,
      "accounts_receivable": 3354142000.0
    },
    "cash_flow": {
      "operating_cash_flow": -533615000.0,
      "capital_expenditure": 7028000.0,
      "free_cash_flow": -526587000.0,
      "financing_cash_flow": 698056000.0,
      "investing_cash_flow": -7028000.0,
      "dividends_paid": null,
      "change_in_cash": null
    }
  }
}