{
  "2025-05-31": {
    "income_statement": {
      "total_revenue": 7828000000.0,
      "net_interest_income": 83000000.0,
      "net_income": 222000000.0,
      "gross_profit": 681000000.0,
      "operating_income": 403000000.0,
      "ebitda": -158000000.0,
      "research_development": 7000000.0,
      "selling_general_admin": 274000000.0,
      "interest_expense": 75000000.0,
      "income_before_tax": 290000000.0
    },
    "balance_sheet": {
      "total_assets": 18587000000.0,
      "total_current_assets": 13782000000.0,
      "total_debt": 3330000000.0,
      "short_term_debt": null,
      "long_term_debt": 2385000000.0,
      "total_current_liabilities": 14015000000.0,
      "stockholders_equity": 1285000000.0,
      "retained_earnings": 6173000000.0,
      "cash_and_equivalents": 1523000000.0,
      "inventory": 4772000000.0,
      "accounts_receivable": 4004000000.0
    },
    "cash_flow": {
      "operating_cash_flow": 406000000.0,
      "capital_expenditure": 86000000.0,
      "free_cash_flow": 492000000.0,
      "financing_cash_flow": -419000000.0,
      "investing_cash_flow": -75000000.0,
      "dividends_paid": 9000000.0,
      "change_in_cash": null
    }
  },
  "2025-02-28": {
    "income_statement": {
      "total_revenue": 6728000000.0,
      "net_interest_income": 37000000.0,
      "net_income": 117000000.0,
      "gross_profit": 576000000.0,
      "operating_income": 245000000.0,
      "ebitda": 411000000.0,
      "research_development": 7000000.0,
      "selling_general_admin": 256000000.0,
      "interest_expense": 37000000.0,
      "income_before_tax": 184000000.0
    },
    "balance_sheet": {
      "total_assets": 17396000000.0,
      "total_current_assets": 12614000000.0,
      "total_debt": 3293000000.0,
      "short_term_debt": null,
      "long_term_debt": 2883000000.0,
      "total_current_liabilities": 12315000000.0,
      "stockholders_equity": 1358000000.0,
      "retained_earnings": 5960000000.0,
      "cash_and_equivalents": 1592000000.0,
      "inventory": 4435000000.0,
      "accounts_receivable": 4768000000.0
    },
    "cash_flow": {
      "operating_cash_flow": 334000000.0,
      "capital_expenditure": 116000000.0,
      "free_cash_flow": 450000000.0,
      "financing_cash_flow": -434000000.0,
      "investing_cash_flow": -367000000.0,
      "dividends_paid": 9000000.0,
      "change_in_cash": null
    }
  },
  "2024-11-30": {
    "income_statement": {
      "total_revenue": 6994000000.0,
      "net_interest_income": 38000000.0,
      "net_income": 100000000.0,
      "gross_profit": 606000000.0,
      "operating_income": 197000000.0,
      "ebitda": 359000000.0,
      "research_development": 8000000.0,
      "selling_general_admin": 305000000.0,
      "interest_expense": 38000000.0,
      "income_before_tax": 139000000.0
    },
    "balance_sheet": {
      "total_assets": 17771000000.0,
      "total_current_assets": 13228000000.0,
      "total_debt": 3279000000.0,
      "short_term_debt": null,
      "long_term_debt": 2882000000.0,
      "total_current_liabilities": 12434000000.0,
      "stockholders_equity": 1593000000.0,
      "retained_earnings": 5851000000.0,
      "cash_and_equivalents": 2058000000.0,
      "inventory": 4320000000.0,
      "accounts_receivable": 4821000000.0
    },
    "cash_flow": {
      "operating_cash_flow": 312000000.0,
      "capital_expenditure": 97000000.0,
      "free_cash_flow": 409000000.0,
      "financing_cash_flow": -312000000.0,
      "investing_cash_flow": -136000000.0,
      "dividends_paid": 10000000.0,
      "change_in_cash": null
    }
  },
  "2024-08-31": {
    "income_statement": {
      "total_revenue": 6964000000.0,
      "net_interest_income": null,
      "net_income": 138000000.0,
      "gross_profit": 663000000.0,
      "operating_income": 318000000.0,
      "ebitda": 434000000.0,
      "research_development": 10000000.0,
      "selling_general_admin": 270000000.0,
      "interest_expense": 41000000.0,
      "income_before_tax": 253000000.0
    },
    "balance_sheet": {
      "total_assets": 17351000000.0,
      "total_current_assets": 12791000000.0,
      "total_debt": 3257000000.0,
      "short_term_debt": null,
      "long_term_debt": 2880000000.0,
      "total_current_liabilities": 11782000000.0,
      "stockholders_equity": 1737000000.0,
      "retained_earnings": 5760000000.0,
      "cash_and_equivalents": 2201000000.0,
      "inventory": 4276000000.0,
      "accounts_receivable": 4604000000.0
    },
    "cash_flow": {
      "operating_cash_flow": 535000000.0,
      "capital_expenditure": 124000000.0,
      "free_cash_flow": 659000000.0,
      "financing_cash_flow": -679000000.0,
      "investing_cash_flow": -116000000.0,
      "dividends_paid": 10000000.0,
      "change_in_cash": null
    }
  },
  "2024-05-31": {
    "income_statement": {
      "total_revenue": 6765000000.0,
      "net_interest_income": null,
      "net_income": 129000000.0,
      "gross_profit": 597000000.0,
      "operating_income": 261000000.0,
      "ebitda": 440000000.0,
      "research_development": 9000000.0,
      "selling_general_admin": 268000000.0,
      "interest_expense": 38000000.0,
      "income_before_tax": 201000000.0
    },
    "balance_sheet": {
      "total_assets": 17449000000.0,
      "total_current_assets": 12893000000.0,
      "total_debt": 3260000000.0,
      "short_term_debt": null,
      "long_term_debt": 2879000000.0,
      "total_current_liabilities": 11423000000.0,
      "stockholders_equity": 2276000000.0,
      "retained_earnings": 5632000000.0,
      "cash_and_equivalents": 2457000000.0,
      "inventory": 4439000000.0,
      "accounts_receivable": 4503000000.0
    },
    "cash_flow": {
      "operating_cash_flow": 515000000.0,
      "capital_expenditure": 106000000.0,
      "free_cash_flow": 621000000.0,
      "financing_cash_flow": -534000000.0,
      "investing_cash_flow": -91000000.0,
      "dividends_paid": 10000000.0,
      "change_in_cash": null
    }
  },
  "2024-02-29": {
    "income_statement": {
      "total_revenue": 6767000000.0,
      "net_interest_income": null,
      "net_income": 927000000.0,
      "gross_profit": 633000000.0,
      "operating_income": 1131000000.0,
      "ebitda": 456000000.0,
      "research_development": 10000000.0,
      "selling_general_admin": 308000000.0,
      "interest_expense": 47000000.0,
      "income_before_tax": 1062000000.0
    },
    "balance_sheet": {
      "total_assets": 17123000000.0,
      "total_current_assets": 12470000000.0,
      "total_debt": 3252000000.0,
      "short_term_debt": null,
      "long_term_debt": 2878000000.0,
      "total_current_liabilities": 10691000000.0,
      "stockholders_equity": 2658000000.0,
      "retained_earnings": 5512000000.0,
      "cash_and_equivalents": 2566000000.0,
      "inventory": 4821000000.0,
      "accounts_receivable": 3734000000.0
    },
    "cash_flow": {
      "operating_cash_flow": 218000000.0,
      "capital_expenditure": 266000000.0,
      "free_cash_flow": 484000000.0,
      "financing_cash_flow": -835000000.0,
      "investing_cash_flow": 1633000000.0,
      "dividends_paid": 10000000.0,
      "change_in_cash": null
    }
  },
  "2023-11-30": {
    "income_statement": {
      "total_revenue": 8387000000.0,
      "net_interest_income": null,
      "net_income": 194000000.0,
      "gross_profit": 775000000.0,
      "operating_income": 303000000.0,
      "ebitda": 488000000.0,
      "research_development": 10000000.0,
      "selling_general_admin": 314000000.0,
      "interest_expense": 47000000.0,
      "income_before_tax": 235000000.0
    },
    "balance_sheet": {
      "total_assets": 19414000000.0,
      "total_current_assets": 14654000000.0,
      "total_debt": 3241000000.0,
      "short_term_debt": null,
      "long_term_debt": 2876000000.0,
      "total_current_liabilities": 13030000000.0,
      "stockholders_equity": 2535000000.0,
      "retained_earnings": 4595000000.0,
      "cash_and_equivalents": 1550000000.0,
      "inventory": 5124000000.0,
      "accounts_receivable": 4783000000.0
    },
    "cash_flow": {
      "operating_cash_flow": 448000000.0,
      "capital_expenditure": 288000000.0,
      "free_cash_flow": 736000000.0,
      "financing_cash_flow": -620000000.0,
      "investing_cash_flow": -75000000.0,
      "dividends_paid": 12000000.0,
      "change_in_cash": null
    }
  },
  "2023-08-31": {
    "income_statement": {
      "total_revenue": 8458000000.0,
      "net_interest_income": 71000000.0,
      "net_income": 155000000.0,
      "gross_profit": 766000000.0,
      "operating_income": 441000000.0,
      "ebitda": 532000000.0,
      "research_development": 9000000.0,
      "selling_general_admin": 295000000.0,
      "interest_expense": 4000000.0,
      "income_before_tax": 370000000.0
    },
    "balance_sheet": {
      "total_assets": 19424000000.0,
      "total_current_assets": 14730000000.0,
      "total_debt": 3248000000.0,
      "short_term_debt": null,
      "long_term_debt": 2875000000.0,
      "total_current_liabilities": 12695000000.0,
      "stockholders_equity": 2866000000.0,
      "retained_earnings": 4412000000.0,
      "cash_and_equivalents": 1804000000.0,
      "inventory": 5206000000.0,
      "accounts_receivable": 4682000000.0
    },
    "cash_flow": {
      "operating_cash_flow": 686000000.0,
      "capital_expenditure": 170000000.0,
      "free_cash_flow": 856000000.0,
      "financing_cash_flow": -376000000.0,
      "investing_cash_flow": -723000000.0,
      "dividends_paid": 11000000.0,
      "change_in_cash": null
    }
  },
  "2023-05-31": {
    "income_statement": {
      "total_revenue": 8475000000.0,
      "net_interest_income": 69000000.0,
      "net_income": 233000000.0,
      "gross_profit": 697000000.0,
      "operating_income": 375000000.0,
      "ebitda": 617000000.0,
      "research_development": 8000000.0,
      "selling_general_admin": 307000000.0,
      "interest_expense": 69000000.0,
      "income_before_tax": 306000000.0
    },
    "balance_sheet": {
      "total_assets": 19436000000.0,
      "total_current_assets": 13609000000.0,
      "total_debt": 3686000000.0,
      "short_term_debt": null,
      "long_term_debt": 2874000000.0,
      "total_current_liabilities": 12796000000.0,
      "stockholders_equity": 2736000000.0,
      "retained_earnings": 4268000000.0,
      "cash_and_equivalents": 1480000000.0,
      "inventory": 6084000000.0,
      "accounts_receivable": 4772000000.0
    },
    "cash_flow": {
      "operating_cash_flow": 468000000.0,
      "capital_expenditure": 223000000.0,
      "free_cash_flow": 691000000.0,
      "financing_cash_flow": 67000000.0,
      "investing_cash_flow": -738000000.0,
      "dividends_paid": 11000000.0,
      "change_in_cash": null
    }
  },
  "2023-02-28": {
    "income_statement": {
      "total_revenue": 8134000000.0,
      "net_interest_income": 72000000.0,
      "net_income": 207000000.0,
      "gross_profit": 661000000.0,
      "operating_income": 359000000.0,
      "ebitda": 593000000.0,
      "research_development": 8000000.0,
      "selling_general_admin": 285000000.0,
      "interest_expense": 55000000.0,
      "income_before_tax": 287000000.0
    },
    "balance_sheet": {
      "total_assets": 19567000000.0,
      "total_current_assets": 13781000000.0,
      "total_debt": 3433000000.0,
      "short_term_debt": null,
      "long_term_debt": 2577000000.0,
      "total_current_liabilities": 13282000000.0,
      "stockholders_equity": 2673000000.0,
      "retained_earnings": 4046000000.0,
      "cash_and_equivalents": 1200000000.0,
      "inventory": 6519000000.0,
      "accounts_receivable": 4890000000.0
    },
    "cash_flow": {
      "operating_cash_flow": 414000000.0,
      "capital_expenditure": 323000000.0,
      "free_cash_flow": 737000000.0,
      "financing_cash_flow": -130000000.0,
      "investing_cash_flow": -308000000.0,
      "dividends_paid": 11000000.0,
      "change_in_cash": -24000000.0
    }
  },
  "2022-11-30": {
    "income_statement": {
      "total_revenue": 9635000000.0,
      "net_interest_income": 63000000.0,
      "net_income": 223000000.0,
      "gross_profit": 743000000.0,
      "operating_income": 362000000.0,
      "ebitda": 610000000.0,
      "research_development": 9000000.0,
      "selling_general_admin": 319000000.0,
      "interest_expense": 48000000.0,
      "income_before_tax": 299000000.0
    },
    "balance_sheet": {
      "total_assets": 20506000000.0,
      "total_current_assets": 14678000000.0,
      "total_debt": 3426000000.0,
      "short_term_debt": null,
      "long_term_debt": 2576000000.0,
      "total_current_liabilities": 14372000000.0,
      "stockholders_equity": 2529000000.0,
      "retained_earnings": 3849000000.0,
      "cash_and_equivalents": 1217000000.0,
      "inventory": 6429000000.0,
      "accounts_receivable": 5780000000.0
    },
    "cash_flow": {
      "operating_cash_flow": 166000000.0,
      "capital_expenditure": 314000000.0,
      "free_cash_flow": 480000000.0,
      "financing_cash_flow": -241000000.0,
      "investing_cash_flow": -176000000.0,
      "dividends_paid": 12000000.0,
      "change_in_cash": -251000000.0
    }
  },
  "2022-08-31": {
    "income_statement": {
      "total_revenue": 9030000000.0,
      "net_interest_income": 57000000.0,
      "net_income": 315000000.0,
      "gross_profit": 729000000.0,
      "operating_income": 409000000.0,
      "ebitda": 585000000.0,
      "research_development": 8000000.0,
      "selling_general_admin": 284000000.0,
      "interest_expense": 46000000.0,
      "income_before_tax": 352000000.0
    },
    "balance_sheet": {
      "total_assets": 19717000000.0,
      "total_current_assets": 13908000000.0,
      "total_debt": 3411000000.0,
      "short_term_debt": null,
      "long_term_debt": 2575000000.0,
      "total_current_liabilities": 13697000000.0,
      "stockholders_equity": 2451000000.0,
      "retained_earnings": 3638000000.0,
      "cash_and_equivalents": 1478000000.0,
      "inventory": 6128000000.0,
      "accounts_receivable": 5191000000.0
    },
    "cash_flow": {
      "operating_cash_flow": 906000000.0,
      "capital_expenditure": 317000000.0,
      "free_cash_flow": 1223000000.0,
      "financing_cash_flow": -249000000.0,
      "investing_cash_flow": -242000000.0,
      "dividends_paid": 11000000.0,
      "change_in_cash": 415000000.0
    }
  },
  "2022-05-31": {
    "income_statement": {
      "total_revenue": 8328000000.0,
      "net_interest_income": 1000000.0,
      "net_income": 218000000.0,
      "gross_profit": 619000000.0,
      "operating_income": 321000000.0,
      "ebitda": 569000000.0,
      "research_development": 8000000.0,
      "selling_general_admin": 282000000.0,
      "interest_expense": 39000000.0,
      "income_before_tax": 278000000.0
    },
    "balance_sheet": {
      "total_assets": 18171000000.0,
      "total_current_assets": 12472000000.0,
      "total_debt": 3395000000.0,
      "short_term_debt": null,
      "long_term_debt": 2874000000.0,
      "total_current_liabilities": 11942000000.0,
      "stockholders_equity": 2356000000.0,
      "retained_earnings": 3333000000.0,
      "cash_and_equivalents": 1070000000.0,
      "inventory": 5981000000.0,
      "accounts_receivable": 4469000000.0
    },
    "cash_flow": {
      "operating_cash_flow": 545000000.0,
      "capital_expenditure": 364000000.0,
      "free_cash_flow": 909000000.0,
      "financing_cash_flow": -258000000.0,
      "investing_cash_flow": -324000000.0,
      "dividends_paid": 12000000.0,
      "change_in_cash": -37000000.0
    }
  },
  "2022-02-28": {
    "income_statement": {
      "total_revenue": 7553000000.0,
      "net_interest_income": 29000000.0,
      "net_income": 222000000.0,
      "gross_profit": 609000000.0,
      "operating_income": 313000000.0,
      "ebitda": 575000000.0,
      "research_development": 8000000.0,
      "selling_general_admin": 280000000.0,
      "interest_expense": 33000000.0,
      "income_before_tax": 284000000.0
    },
    "balance_sheet": {
      "total_assets": 17430000000.0,
      "total_current_assets": 11867000000.0,
      "total_debt": 3396000000.0,
      "short_term_debt": null,
      "long_term_debt": 2380000000.0,
      "total_current_liabilities": 11714000000.0,
      "stockholders_equity": 2337000000.0,
      "retained_earnings": 3127000000.0,
      "cash_and_equivalents": 1093000000.0,
      "inventory": 5395000000.0,
      "accounts_receivable": 4465000000.0
    },
    "cash_flow": {
      "operating_cash_flow": 246000000.0,
      "capital_expenditure": 423000000.0,
      "free_cash_flow": 669000000.0,
      "financing_cash_flow": -173000000.0,
      "investing_cash_flow": -219000000.0,
      "dividends_paid": 11000000.0,
      "change_in_cash": -146000000.0
    }
  },
  "2021-11-30": {
    "income_statement": {
      "total_revenue": 8567000000.0,
      "net_interest_income": 33000000.0,
      "net_income": 241000000.0,
      "gross_profit": 675000000.0,
      "operating_income": 350000000.0,
      "ebitda": 619000000.0,
      "research_development": 9000000.0,
      "selling_general_admin": 308000000.0,
      "interest_expense": 33000000.0,
      "income_before_tax": 317000000.0
    },
    "balance_sheet": {
      "total_assets": 17588000000.0,
      "total_current_assets": 11812000000.0,
      "total_debt": 3393000000.0,
      "short_term_debt": null,
      "long_term_debt": 2379000000.0,
      "total_current_liabilities": 11965000000.0,
      "stockholders_equity": 2206000000.0,
      "retained_earnings": 2917000000.0,
      "cash_and_equivalents": 1229000000.0,
      "inventory": 4681000000.0,
      "accounts_receivable": 5050000000.0
    },
    "cash_flow": {
      "operating_cash_flow": -46000000.0,
      "capital_expenditure": 281000000.0,
      "free_cash_flow": 235000000.0,
      "financing_cash_flow": -208000000.0,
      "investing_cash_flow": -73000000.0,
      "dividends_paid": 14000000.0,
      "change_in_cash": -327000000.0
    }
  },
  "2021-08-31": {
    "income_statement": {
      "total_revenue": 7409000000.0,
      "net_interest_income": 28000000.0,
      "net_income": 175000000.0,
      "gross_profit": 587000000.0,
      "operating_income": 265000000.0,
      "ebitda": 500683000.0,
      "research_development": 7000000.0,
      "selling_general_admin": 299000000.0,
      "interest_expense": 32825000.0,
      "income_before_tax": 237000000.0
    },
    "balance_sheet": {
      "total_assets": 16654000000.0,
      "total_current_assets": 10877000000.0,
      "total_debt": 3319000000.0,
      "short_term_debt": null,
      "long_term_debt": 2878000000.0,
      "total_current_liabilities": 10683000000.0,
      "stockholders_equity": 2136000000.0,
      "retained_earnings": 2688000000.0,
      "cash_and_equivalents": 1567000000.0,
      "inventory": 4414000000.0,
      "accounts_receivable": 4139000000.0
    },
    "cash_flow": {
      "operating_cash_flow": 762140000.0,
      "capital_expenditure": 280980000.0,
      "free_cash_flow": 1043120000.0,
      "financing_cash_flow": -235859000.0,
      "investing_cash_flow": -206768000.0,
      "dividends_paid": 12128000.0,
      "change_in_cash": 319513000.0
    }
  },
  "2021-05-31": {
    "income_statement": {
      "total_revenue": 7214645000.0,
      "net_interest_income": 28888000.0,
      "net_income": 169480000.0,
      "gross_profit": 567800000.0,
      "operating_income": 239774000.0,
      "ebitda": 470611000.0,
      "research_development": 9657000.0,
      "selling_general_admin": 305559000.0,
      "interest_expense": 34000000.0,
      "income_before_tax": 213295000.0
    },
    "balance_sheet": {
      "total_assets": 15740708000.0,
      "total_current_assets": 10259514000.0,
      "total_debt": 3343620000.0,
      "short_term_debt": null,
      "long_term_debt": 2876599000.0,
      "total_current_liabilities": 9846996000.0,
      "stockholders_equity": 2138011000.0,
      "retained_earnings": 2525323000.0,
      "cash_and_equivalents": 1240729000.0,
      "inventory": 3979329000.0,
      "accounts_receivable": 4298233000.0
    },
    "cash_flow": {
      "operating_cash_flow": 584915000.0,
      "capital_expenditure": 216867000.0,
      "free_cash_flow": 801782000.0,
      "financing_cash_flow": 12000000.0,
      "investing_cash_flow": -197043000.0,
      "dividends_paid": 12000000.0,
      "change_in_cash": 399986000.0
    }
  },
  "2021-02-28": {
    "income_statement": {
      "total_revenue": 6828546000.0,
      "net_interest_income": 27812000.0,
      "net_income": 151654000.0,
      "gross_profit": 569925000.0,
      "operating_income": 236350000.0,
      "ebitda": 455024000.0,
      "research_development": 9368000.0,
      "selling_general_admin": 305942000.0,
      "interest_expense": 31000000.0,
      "income_before_tax": 208538000.0
    },
    "balance_sheet": {
      "total_assets": 14494163000.0,
      "total_current_assets": 9143653000.0,
      "total_debt": 3146723000.0,
      "short_term_debt": null,
      "long_term_debt": 2679819000.0,
      "total_current_liabilities": 8842377000.0,
      "stockholders_equity": 2089161000.0,
      "retained_earnings": 2368012000.0,
      "cash_and_equivalents": 838099000.0,
      "inventory": 3558970000.0,
      "accounts_receivable": 4056105000.0
    },
    "cash_flow": {
      "operating_cash_flow": 20485000.0,
      "capital_expenditure": 308272000.0,
      "free_cash_flow": 328757000.0,
      "financing_cash_flow": -101862000.0,
      "investing_cash_flow": -183316000.0,
      "dividends_paid": 12065000.0,
      "change_in_cash": -264693000.0
    }
  },
  "2020-11-30": {
    "income_statement": {
      "total_revenue": 7832529000.0,
      "net_interest_income": 30465000.0,
      "net_income": 200442000.0,
      "gross_profit": 634560000.0,
      "operating_income": 313950000.0,
      "ebitda": 524336000.0,
      "research_development": 8118000.0,
      "selling_general_admin": 302752000.0,
      "interest_expense": 32000000.0,
      "income_before_tax": 285407000.0
    },
    "balance_sheet": {
      "total_assets": 15269478000.0,
      "total_current_assets": 9847192000.0,
      "total_debt": 3172729000.0,
      "short_term_debt": null,
      "long_term_debt": 2679005000.0,
      "total_current_liabilities": 9662004000.0,
      "stockholders_equity": 1979371000.0,
      "retained_earnings": 2228729000.0,
      "cash_and_equivalents": 1107573000.0,
      "inventory": 3271842000.0,
      "accounts_receivable": 4739928000.0
    },
    "cash_flow": {
      "operating_cash_flow": 65460000.0,
      "capital_expenditure": 352881000.0,
      "free_cash_flow": 418341000.0,
      "financing_cash_flow": -87393000.0,
      "investing_cash_flow": -263873000.0,
      "dividends_paid": 13814000.0,
      "change_in_cash": -285806000.0
    }
  },
  "2020-08-31": {
    "income_statement": {
      "total_revenue": 7300015000.0,
      "net_interest_income": 39495000.0,
      "net_income": 67731000.0,
      "gross_profit": 490701000.0,
      "operating_income": 197053000.0,
      "ebitda": 350047000.0,
      "research_development": 10496000.0,
      "selling_general_admin": 613923000.0,
      "interest_expense": 40910000.0,
      "income_before_tax": 115248000.0
    },
    "balance_sheet": {
      "total_assets": 14397416000.0,
      "total_current_assets": 9134885000.0,
      "total_debt": 3141240000.0,
      "short_term_debt": null,
      "long_term_debt": 2678288000.0,
      "total_current_liabilities": 9059483000.0,
      "stockholders_equity": 1811384000.0,
      "retained_earnings": 2040922000.0,
      "cash_and_equivalents": 1393557000.0,
      "inventory": 3131783000.0,
      "accounts_receivable": 3953000000.0
    },
    "cash_flow": {
      "operating_cash_flow": 686549000.0,
      "capital_expenditure": 334090000.0,
      "free_cash_flow": 1020639000.0,
      "financing_cash_flow": 194469000.0,
      "investing_cash_flow": -241650000.0,
      "dividends_paid": 12051000.0,
      "change_in_cash": 639368000.0
    }
  }
}