{
  "2025-06-30": {
    "income_statement": {
      "total_revenue": 76441000000.0,
      "net_interest_income": 202000000.0,
      "net_income": 27233000000.0,
      "gross_profit": 52427000000.0,
      "operating_income": 34323000000.0,
      "ebitda": 44434000000.0,
      "research_development": 8829000000.0,
      "selling_general_admin": 1990000000.0,
      "interest_expense": 615000000.0,
      "income_before_tax": 32616000000.0
    },
    "balance_sheet": {
      "total_assets": 619003000000.0,
      "total_current_assets": 191131000000.0,
      "total_debt": 60588000000.0,
      "short_term_debt": null,
      "long_term_debt": 40152000000.0,
      "total_current_liabilities": 141218000000.0,
      "stockholders_equity": 343479000000.0,
      "retained_earnings": 237731000000.0,
      "cash_and_equivalents": 30242000000.0,
      "inventory": 938000000.0,
      "accounts_receivable": 69905000000.0
    },
    "cash_flow": {
      "operating_cash_flow": 42647000000.0,
      "capital_expenditure": 17079000000.0,
      "free_cash_flow": 59726000000.0,
      "financing_cash_flow": -10844000000.0,
      "investing_cash_flow": -30572000000.0,
      "dividends_paid": 6169000000.0,
      "change_in_cash": null
    }
  },
  "2025-03-31": {
    "income_statement": {
      "total_revenue": 70066000000.0,
      "net_interest_income": 597000000.0,
      "net_income": 25824000000.0,
      "gross_profit": 48147000000.0,
      "operating_income": 32000000000.0,
      "ebitda": 40711000000.0,
      "research_development": 8198000000.0,
      "selling_general_admin": 1737000000.0,
      "interest_expense": 594000000.0,
      "income_before_tax": 31377000000.0
    },
    "balance_sheet": {
      "total_assets": 562624000000.0,
      "total_current_assets": 156644000000.0,
      "total_debt": 60567000000.0,
      "short_term_debt": null,
      "long_term_debt": 39882000000.0,
      "total_current_liabilities": 114206000000.0,
      "stockholders_equity": 321891000000.0,
      "retained_earnings": 219759000000.0,
      "cash_and_equivalents": 28828000000.0,
      "inventory": 848000000.0,
      "accounts_receivable": 51700000000.0
    },
    "cash_flow": {
      "operating_cash_flow": 37044000000.0,
      "capital_expenditure": 16745000000.0,
      "free_cash_flow": 53789000000.0,
      "financing_cash_flow": -13036000000.0,
      "investing_cash_flow": -12714000000.0,
      "dividends_paid": 6169000000.0,
      "change_in_cash": null
    }
  },
  "2024-12-31": {
    "income_statement": {
      "total_revenue": 69632000000.0,
      "net_interest_income": 600000000.0,
      "net_income": 24108000000.0,
      "gross_profit": 47833000000.0,
      "operating_income": 31653000000.0,
      "ebitda": 36786000000.0,
      "research_development": 7917000000.0,
      "selling_general_admin": 1823000000.0,
      "interest_expense": 594000000.0,
      "income_before_tax": 29365000000.0
    },
    "balance_sheet": {
      "total_assets": 533898000000.0,
      "total_current_assets": 147080000000.0,
      "total_debt": 62224000000.0,
      "short_term_debt": null,
      "long_term_debt": 39722000000.0,
      "total_current_liabilities": 108882000000.0,
      "stockholders_equity": 302695000000.0,
      "retained_earnings": 203482000000.0,
      "cash_and_equivalents": 17482000000.0,
      "inventory": 909000000.0,
      "accounts_receivable": 48188000000.0
    },
    "cash_flow": {
      "operating_cash_flow": 22291000000.0,
      "capital_expenditure": 15804000000.0,
      "free_cash_flow": 38095000000.0,
      "financing_cash_flow": -11243000000.0,
      "investing_cash_flow": null,
      "dividends_paid": 6170000000.0,
      "change_in_cash": null
    }
  },
  "2024-09-30": {
    "income_statement": {
      "total_revenue": 65585000000.0,
      "net_interest_income": 681000000.0,
      "net_income": 24667000000.0,
      "gross_profit": 45486000000.0,
      "operating_income": 30552000000.0,
      "ebitda": 38234000000.0,
      "research_development": 7544000000.0,
      "selling_general_admin": 1673000000.0,
      "interest_expense": 582000000.0,
      "income_before_tax": 30269000000.0
    },
    "balance_sheet": {
      "total_assets": 523013000000.0,
      "total_current_assets": 149926000000.0,
      "total_debt": 96838000000.0,
      "short_term_debt": null,
      "long_term_debt": 42868000000.0,
      "total_current_liabilities": 115200000000.0,
      "stockholders_equity": 287723000000.0,
      "retained_earnings": 188929000000.0,
      "cash_and_equivalents": 20840000000.0,
      "inventory": 1626000000.0,
      "accounts_receivable": 44148000000.0
    },
    "cash_flow": {
      "operating_cash_flow": 34180000000.0,
      "capital_expenditure": 14923000000.0,
      "free_cash_flow": 49103000000.0,
      "financing_cash_flow": -16576000000.0,
      "investing_cash_flow": -15201000000.0,
      "dividends_paid": 5574000000.0,
      "change_in_cash": null
    }
  },
  "2024-06-30": {
    "income_statement": {
      "total_revenue": 64727000000.0,
      "net_interest_income": 638000000.0,
      "net_income": 22036000000.0,
      "gross_profit": 45043000000.0,
      "operating_income": 27925000000.0,
      "ebitda": 34331000000.0,
      "research_development": 8056000000.0,
      "selling_general_admin": 2246000000.0,
      "interest_expense": 701000000.0,
      "income_before_tax": 27250000000.0
    },
    "balance_sheet": {
      "total_assets": 512163000000.0,
      "total_current_assets": 159734000000.0,
      "total_debt": 97852000000.0,
      "short_term_debt": null,
      "long_term_debt": 42688000000.0,
      "total_current_liabilities": 125286000000.0,
      "stockholders_equity": 268477000000.0,
      "retained_earnings": 173144000000.0,
      "cash_and_equivalents": 18315000000.0,
      "inventory": 1246000000.0,
      "accounts_receivable": 56924000000.0
    },
    "cash_flow": {
      "operating_cash_flow": 37195000000.0,
      "capital_expenditure": 13873000000.0,
      "free_cash_flow": 51068000000.0,
      "financing_cash_flow": -23563000000.0,
      "investing_cash_flow": -14848000000.0,
      "dividends_paid": 5574000000.0,
      "change_in_cash": null
    }
  },
  "2024-03-31": {
    "income_statement": {
      "total_revenue": 61858000000.0,
      "net_interest_income": 619000000.0,
      "net_income": 21939000000.0,
      "gross_profit": 43353000000.0,
      "operating_income": 27581000000.0,
      "ebitda": 33554000000.0,
      "research_development": 7653000000.0,
      "selling_general_admin": 1912000000.0,
      "interest_expense": 800000000.0,
      "income_before_tax": 26727000000.0
    },
    "balance_sheet": {
      "total_assets": 484275000000.0,
      "total_current_assets": 147180000000.0,
      "total_debt": 106229000000.0,
      "short_term_debt": null,
      "long_term_debt": 42658000000.0,
      "total_current_liabilities": 118525000000.0,
      "stockholders_equity": 253152000000.0,
      "retained_earnings": 159394000000.0,
      "cash_and_equivalents": 19634000000.0,
      "inventory": 1304000000.0,
      "accounts_receivable": 44029000000.0
    },
    "cash_flow": {
      "operating_cash_flow": 31917000000.0,
      "capital_expenditure": 10952000000.0,
      "free_cash_flow": 42869000000.0,
      "financing_cash_flow": -18808000000.0,
      "investing_cash_flow": -10700000000.0,
      "dividends_paid": 5572000000.0,
      "change_in_cash": null
    }
  },
  "2023-12-31": {
    "income_statement": {
      "total_revenue": 62020000000.0,
      "net_interest_income": 734000000.0,
      "net_income": 21870000000.0,
      "gross_profit": 42397000000.0,
      "operating_income": 27032000000.0,
      "ebitda": 33394000000.0,
      "research_development": 7142000000.0,
      "selling_general_admin": 1977000000.0,
      "interest_expense": 909000000.0,
      "income_before_tax": 26526000000.0
    },
    "balance_sheet": {
      "total_assets": 470558000000.0,
      "total_current_assets": 147393000000.0,
      "total_debt": 111358000000.0,
      "short_term_debt": null,
      "long_term_debt": 44928000000.0,
      "total_current_liabilities": 121016000000.0,
      "stockholders_equity": 238268000000.0,
      "retained_earnings": 145737000000.0,
      "cash_and_equivalents": 17305000000.0,
      "inventory": 1615000000.0,
      "accounts_receivable": 42831000000.0
    },
    "cash_flow": {
      "operating_cash_flow": 18853000000.0,
      "capital_expenditure": 9735000000.0,
      "free_cash_flow": 28588000000.0,
      "financing_cash_flow": -10147000000.0,
      "investing_cash_flow": -71925000000.0,
      "dividends_paid": 5574000000.0,
      "change_in_cash": null
    }
  },
  "2023-09-30": {
    "income_statement": {
      "total_revenue": 56517000000.0,
      "net_interest_income": 1166000000.0,
      "net_income": 22291000000.0,
      "gross_profit": 40215000000.0,
      "operating_income": 26895000000.0,
      "ebitda": 31730000000.0,
      "research_development": 6659000000.0,
      "selling_general_admin": 1474000000.0,
      "interest_expense": 525000000.0,
      "income_before_tax": 27284000000.0
    },
    "balance_sheet": {
      "total_assets": 445785000000.0,
      "total_current_assets": 207586000000.0,
      "total_debt": 88079000000.0,
      "short_term_debt": null,
      "long_term_debt": 41946000000.0,
      "total_current_liabilities": 124792000000.0,
      "stockholders_equity": 220714000000.0,
      "retained_earnings": 132143000000.0,
      "cash_and_equivalents": 80452000000.0,
      "inventory": 3000000000.0,
      "accounts_receivable": 36953000000.0
    },
    "cash_flow": {
      "operating_cash_flow": 30583000000.0,
      "capital_expenditure": 9917000000.0,
      "free_cash_flow": 40500000000.0,
      "financing_cash_flow": 14761000000.0,
      "investing_cash_flow": 503000000.0,
      "dividends_paid": 5051000000.0,
      "change_in_cash": null
    }
  },
  "2023-06-30": {
    "income_statement": {
      "total_revenue": 56189000000.0,
      "net_interest_income": 905000000.0,
      "net_income": 20081000000.0,
      "gross_profit": 39394000000.0,
      "operating_income": 24254000000.0,
      "ebitda": 28128000000.0,
      "research_development": 6739000000.0,
      "selling_general_admin": 2197000000.0,
      "interest_expense": 482000000.0,
      "income_before_tax": 24727000000.0
    },
    "balance_sheet": {
      "total_assets": 411976000000.0,
      "total_current_assets": 184257000000.0,
      "total_debt": 79441000000.0,
      "short_term_debt": null,
      "long_term_debt": 41990000000.0,
      "total_current_liabilities": 104149000000.0,
      "stockholders_equity": 206223000000.0,
      "retained_earnings": 118848000000.0,
      "cash_and_equivalents": 34704000000.0,
      "inventory": 2500000000.0,
      "accounts_receivable": 48688000000.0
    },
    "cash_flow": {
      "operating_cash_flow": 28770000000.0,
      "capital_expenditure": 8943000000.0,
      "free_cash_flow": 37713000000.0,
      "financing_cash_flow": -11413000000.0,
      "investing_cash_flow": -22680000000.0,
      "dividends_paid": 5054000000.0,
      "change_in_cash": null
    }
  },
  "2023-03-31": {
    "income_statement": {
      "total_revenue": 52857000000.0,
      "net_interest_income": 748000000.0,
      "net_income": 18299000000.0,
      "gross_profit": 36729000000.0,
      "operating_income": 22352000000.0,
      "ebitda": 26718000000.0,
      "research_development": 6984000000.0,
      "selling_general_admin": 1643000000.0,
      "interest_expense": 496000000.0,
      "income_before_tax": 22673000000.0
    },
    "balance_sheet": {
      "total_assets": 380088000000.0,
      "total_current_assets": 163889000000.0,
      "total_debt": 60522000000.0,
      "short_term_debt": null,
      "long_term_debt": 41965000000.0,
      "total_current_liabilities": 85691000000.0,
      "stockholders_equity": 194683000000.0,
      "retained_earnings": 108234000000.0,
      "cash_and_equivalents": 26562000000.0,
      "inventory": 2877000000.0,
      "accounts_receivable": 37420000000.0
    },
    "cash_flow": {
      "operating_cash_flow": 24441000000.0,
      "capital_expenditure": 6607000000.0,
      "free_cash_flow": 31048000000.0,
      "financing_cash_flow": -10290000000.0,
      "investing_cash_flow": -3264000000.0,
      "dividends_paid": 5059000000.0,
      "change_in_cash": 10887000000.0
    }
  },
  "2022-12-31": {
    "income_statement": {
      "total_revenue": 52747000000.0,
      "net_interest_income": 700000000.0,
      "net_income": 16425000000.0,
      "gross_profit": 35259000000.0,
      "operating_income": 20399000000.0,
      "ebitda": 24047000000.0,
      "research_development": 6844000000.0,
      "selling_general_admin": 2337000000.0,
      "interest_expense": 490000000.0,
      "income_before_tax": 20339000000.0
    },
    "balance_sheet": {
      "total_assets": 364552000000.0,
      "total_current_assets": 157823000000.0,
      "total_debt": 60114000000.0,
      "short_term_debt": null,
      "long_term_debt": 44119000000.0,
      "total_current_liabilities": 81718000000.0,
      "stockholders_equity": 183136000000.0,
      "retained_earnings": 99368000000.0,
      "cash_and_equivalents": 15646000000.0,
      "inventory": 2980000000.0,
      "accounts_receivable": 35833000000.0
    },
    "cash_flow": {
      "operating_cash_flow": 11173000000.0,
      "capital_expenditure": 6274000000.0,
      "free_cash_flow": 17447000000.0,
      "financing_cash_flow": -11349000000.0,
      "investing_cash_flow": -7150000000.0,
      "dividends_paid": 5066000000.0,
      "change_in_cash": -7326000000.0
    }
  },
  "2022-09-30": {
    "income_statement": {
      "total_revenue": 50122000000.0,
      "net_interest_income": 641000000.0,
      "net_income": 17556000000.0,
      "gross_profit": 34670000000.0,
      "operating_income": 21518000000.0,
      "ebitda": 24918000000.0,
      "research_development": 6628000000.0,
      "selling_general_admin": 1398000000.0,
      "interest_expense": 500000000.0,
      "income_before_tax": 21572000000.0
    },
    "balance_sheet": {
      "total_assets": 359784000000.0,
      "total_current_assets": 160812000000.0,
      "total_debt": 60282000000.0,
      "short_term_debt": null,
      "long_term_debt": 45374000000.0,
      "total_current_liabilities": 87389000000.0,
      "stockholders_equity": 173566000000.0,
      "retained_earnings": 92374000000.0,
      "cash_and_equivalents": 22884000000.0,
      "inventory": 4268000000.0,
      "accounts_receivable": 31279000000.0
    },
    "cash_flow": {
      "operating_cash_flow": 23198000000.0,
      "capital_expenditure": 6283000000.0,
      "free_cash_flow": 29481000000.0,
      "financing_cash_flow": -10883000000.0,
      "investing_cash_flow": -3132000000.0,
      "dividends_paid": 4621000000.0,
      "change_in_cash": 9183000000.0
    }
  },
  "2022-06-30": {
    "income_statement": {
      "total_revenue": 51865000000.0,
      "net_interest_income": 552000000.0,
      "net_income": 16740000000.0,
      "gross_profit": 35436000000.0,
      "operating_income": 20534000000.0,
      "ebitda": 24962000000.0,
      "research_development": 6849000000.0,
      "selling_general_admin": 1749000000.0,
      "interest_expense": 496000000.0,
      "income_before_tax": 20487000000.0
    },
    "balance_sheet": {
      "total_assets": 364840000000.0,
      "total_current_assets": 169684000000.0,
      "total_debt": 78400000000.0,
      "short_term_debt": null,
      "long_term_debt": 47032000000.0,
      "total_current_liabilities": 95082000000.0,
      "stockholders_equity": 166542000000.0,
      "retained_earnings": 84281000000.0,
      "cash_and_equivalents": 13931000000.0,
      "inventory": 3742000000.0,
      "accounts_receivable": 44261000000.0
    },
    "cash_flow": {
      "operating_cash_flow": 24629000000.0,
      "capital_expenditure": 6871000000.0,
      "free_cash_flow": 31500000000.0,
      "financing_cash_flow": -13269000000.0,
      "investing_cash_flow": -9729000000.0,
      "dividends_paid": 4632000000.0,
      "change_in_cash": 1574000000.0
    }
  },
  "2022-03-31": {
    "income_statement": {
      "total_revenue": 49360000000.0,
      "net_interest_income": 519000000.0,
      "net_income": 16728000000.0,
      "gross_profit": 33745000000.0,
      "operating_income": 20364000000.0,
      "ebitda": 24466000000.0,
      "research_development": 6306000000.0,
      "selling_general_admin": 1480000000.0,
      "interest_expense": 503000000.0,
      "income_before_tax": 20190000000.0
    },
    "balance_sheet": {
      "total_assets": 344607000000.0,
      "total_current_assets": 153922000000.0,
      "total_debt": 61283000000.0,
      "short_term_debt": null,
      "long_term_debt": 48177000000.0,
      "total_current_liabilities": 77439000000.0,
      "stockholders_equity": 162924000000.0,
      "retained_earnings": 79633000000.0,
      "cash_and_equivalents": 12498000000.0,
      "inventory": 3296000000.0,
      "accounts_receivable": 32613000000.0
    },
    "cash_flow": {
      "operating_cash_flow": 25386000000.0,
      "capital_expenditure": 5340000000.0,
      "free_cash_flow": 30726000000.0,
      "financing_cash_flow": -17345000000.0,
      "investing_cash_flow": -16171000000.0,
      "dividends_paid": 4645000000.0,
      "change_in_cash": -8106000000.0
    }
  },
  "2021-12-31": {
    "income_statement": {
      "total_revenue": 51728000000.0,
      "net_interest_income": 503000000.0,
      "net_income": 18765000000.0,
      "gross_profit": 34768000000.0,
      "operating_income": 22247000000.0,
      "ebitda": 26536000000.0,
      "research_development": 5758000000.0,
      "selling_general_admin": 1384000000.0,
      "interest_expense": 525000000.0,
      "income_before_tax": 22515000000.0
    },
    "balance_sheet": {
      "total_assets": 340389000000.0,
      "total_current_assets": 174188000000.0,
      "total_debt": 64032000000.0,
      "short_term_debt": null,
      "long_term_debt": 48260000000.0,
      "total_current_liabilities": 77510000000.0,
      "stockholders_equity": 160010000000.0,
      "retained_earnings": 75045000000.0,
      "cash_and_equivalents": 20604000000.0,
      "inventory": 3019000000.0,
      "accounts_receivable": 33520000000.0
    },
    "cash_flow": {
      "operating_cash_flow": 14480000000.0,
      "capital_expenditure": 5865000000.0,
      "free_cash_flow": 20345000000.0,
      "financing_cash_flow": -11986000000.0,
      "investing_cash_flow": -1161000000.0,
      "dividends_paid": 4652000000.0,
      "change_in_cash": 1439000000.0
    }
  },
  "2021-09-30": {
    "income_statement": {
      "total_revenue": 45317000000.0,
      "net_interest_income": 520000000.0,
      "net_income": 20505000000.0,
      "gross_profit": 31671000000.0,
      "operating_income": 20238000000.0,
      "ebitda": 24275000000.0,
      "research_development": 5599000000.0,
      "selling_general_admin": 1287000000.0,
      "interest_expense": 539000000.0,
      "income_before_tax": 20524000000.0
    },
    "balance_sheet": {
      "total_assets": 335418000000.0,
      "total_current_assets": 174326000000.0,
      "total_debt": 78935000000.0,
      "short_term_debt": null,
      "long_term_debt": 50039000000.0,
      "total_current_liabilities": 80528000000.0,
      "stockholders_equity": 151978000000.0,
      "retained_earnings": 66944000000.0,
      "cash_and_equivalents": 19165000000.0,
      "inventory": 3411000000.0,
      "accounts_receivable": 27349000000.0
    },
    "cash_flow": {
      "operating_cash_flow": 24540000000.0,
      "capital_expenditure": 5810000000.0,
      "free_cash_flow": 30350000000.0,
      "financing_cash_flow": -16276000000.0,
      "investing_cash_flow": -3250000000.0,
      "dividends_paid": 4206000000.0,
      "change_in_cash": 4941000000.0
    }
  },
  "2021-06-30": {
    "income_statement": {
      "total_revenue": 46152000000.0,
      "net_interest_income": 497000000.0,
      "net_income": 16458000000.0,
      "gross_profit": 32161000000.0,
      "operating_income": 19095000000.0,
      "ebitda": 23302000000.0,
      "research_development": 5687000000.0,
      "selling_general_admin": 1522000000.0,
      "interest_expense": 553000000.0,
      "income_before_tax": 19405000000.0
    },
    "balance_sheet": {
      "total_assets": 333779000000.0,
      "total_current_assets": 184406000000.0,
      "total_debt": 82278000000.0,
      "short_term_debt": null,
      "long_term_debt": 50074000000.0,
      "total_current_liabilities": 88657000000.0,
      "stockholders_equity": 141988000000.0,
      "retained_earnings": 57055000000.0,
      "cash_and_equivalents": 14224000000.0,
      "inventory": 2636000000.0,
      "accounts_receivable": 38043000000.0
    },
    "cash_flow": {
      "operating_cash_flow": 22710000000.0,
      "capital_expenditure": 6452000000.0,
      "free_cash_flow": 29162000000.0,
      "financing_cash_flow": -11371000000.0,
      "investing_cash_flow": -10853000000.0,
      "dividends_paid": 4214000000.0,
      "change_in_cash": 522000000.0
    }
  },
  "2021-03-31": {
    "income_statement": {
      "total_revenue": 41706000000.0,
      "net_interest_income": 519000000.0,
      "net_income": 15457000000.0,
      "gross_profit": 28661000000.0,
      "operating_income": 17048000000.0,
      "ebitda": 20805000000.0,
      "research_development": 5204000000.0,
      "selling_general_admin": 1327000000.0,
      "interest_expense": 633000000.0,
      "income_before_tax": 17236000000.0
    },
    "balance_sheet": {
      "total_assets": 308879000000.0,
      "total_current_assets": 165614000000.0,
      "total_debt": 67330000000.0,
      "short_term_debt": null,
      "long_term_debt": 50007000000.0,
      "total_current_liabilities": 72193000000.0,
      "stockholders_equity": 134505000000.0,
      "retained_earnings": 50735000000.0,
      "cash_and_equivalents": 13702000000.0,
      "inventory": 2245000000.0,
      "accounts_receivable": 26322000000.0
    },
    "cash_flow": {
      "operating_cash_flow": 22179000000.0,
      "capital_expenditure": 5089000000.0,
      "free_cash_flow": 27268000000.0,
      "financing_cash_flow": -13192000000.0,
      "investing_cash_flow": -9684000000.0,
      "dividends_paid": 4221000000.0,
      "change_in_cash": -730000000.0
    }
  },
  "2020-12-31": {
    "income_statement": {
      "total_revenue": 43076000000.0,
      "net_interest_income": 545000000.0,
      "net_income": 15463000000.0,
      "gross_profit": 28882000000.0,
      "operating_income": 17897000000.0,
      "ebitda": 21669000000.0,
      "research_development": 4899000000.0,
      "selling_general_admin": 1139000000.0,
      "interest_expense": 571000000.0,
      "income_before_tax": 18337000000.0
    },
    "balance_sheet": {
      "total_assets": 304137000000.0,
      "total_current_assets": 173973000000.0,
      "total_debt": 69398000000.0,
      "short_term_debt": null,
      "long_term_debt": 55136000000.0,
      "total_current_liabilities": 67486000000.0,
      "stockholders_equity": 130236000000.0,
      "retained_earnings": 44973000000.0,
      "cash_and_equivalents": 14432000000.0,
      "inventory": 1924000000.0,
      "accounts_receivable": 27312000000.0
    },
    "cash_flow": {
      "operating_cash_flow": 12516000000.0,
      "capital_expenditure": 4174000000.0,
      "free_cash_flow": 16690000000.0,
      "financing_cash_flow": -13634000000.0,
      "investing_cash_flow": -1669000000.0,
      "dividends_paid": 4230000000.0,
      "change_in_cash": -2773000000.0
    }
  },
  "2020-09-30": {
    "income_statement": {
      "total_revenue": 37154000000.0,
      "net_interest_income": null,
      "net_income": 13893000000.0,
      "gross_profit": 26152000000.0,
      "operating_income": 15876000000.0,
      "ebitda": 19358000000.0,
      "research_development": 4926000000.0,
      "selling_general_admin": 1119000000.0,
      "interest_expense": 589000000.0,
      "income_before_tax": 16124000000.0
    },
    "balance_sheet": {
      "total_assets": 301001000000.0,
      "total_current_assets": 177077000000.0,
      "total_debt": 71305000000.0,
      "short_term_debt": null,
      "long_term_debt": 57055000000.0,
      "total_current_liabilities": 70056000000.0,
      "stockholders_equity": 123392000000.0,
      "retained_earnings": 39193000000.0,
      "cash_and_equivalents": 17205000000.0,
      "inventory": 2705000000.0,
      "accounts_receivable": 22851000000.0
    },
    "cash_flow": {
      "operating_cash_flow": 19335000000.0,
      "capital_expenditure": 4907000000.0,
      "free_cash_flow": 24242000000.0,
      "financing_cash_flow": -10289000000.0,
      "investing_cash_flow": -5371000000.0,
      "dividends_paid": 3856000000.0,
      "change_in_cash": 3629000000.0
    }
  }
}