{
  "2025-04-30": {
    "income_statement": {
      "total_revenue": 44062000000.0,
      "net_interest_income": 515000000.0,
      "net_income": 18775000000.0,
      "gross_profit": 26668000000.0,
      "operating_income": 21638000000.0,
      "ebitda": 22584000000.0,
      "research_development": 3989000000.0,
      "selling_general_admin": 1041000000.0,
      "interest_expense": 63000000.0,
      "income_before_tax": 21910000000.0
    },
    "balance_sheet": {
      "total_assets": 125254000000.0,
      "total_current_assets": 89935000000.0,
      "total_debt": 10285000000.0,
      "short_term_debt": null,
      "long_term_debt": 8464000000.0,
      "total_current_liabilities": 26542000000.0,
      "stockholders_equity": 83843000000.0,
      "retained_earnings": 72158000000.0,
      "cash_and_equivalents": 15234000000.0,
      "inventory": 11333000000.0,
      "accounts_receivable": 22132000000.0
    },
    "cash_flow": {
      "operating_cash_flow": 27414000000.0,
      "capital_expenditure": 1227000000.0,
      "free_cash_flow": 28641000000.0,
      "financing_cash_flow": -15553000000.0,
      "investing_cash_flow": -5216000000.0,
      "dividends_paid": 244000000.0,
      "change_in_cash": null
    }
  },
  "2025-01-31": {
    "income_statement": {
      "total_revenue": 39331000000.0,
      "net_interest_income": 511000000.0,
      "net_income": 22091000000.0,
      "gross_profit": 28723000000.0,
      "operating_income": 24034000000.0,
      "ebitda": 25821000000.0,
      "research_development": 3714000000.0,
      "selling_general_admin": 975000000.0,
      "interest_expense": 61000000.0,
      "income_before_tax": 25217000000.0
    },
    "balance_sheet": {
      "total_assets": 111601000000.0,
      "total_current_assets": 80126000000.0,
      "total_debt": 10270000000.0,
      "short_term_debt": null,
      "long_term_debt": 8463000000.0,
      "total_current_liabilities": 18047000000.0,
      "stockholders_equity": 79327000000.0,
      "retained_earnings": 68038000000.0,
      "cash_and_equivalents": 8589000000.0,
      "inventory": 10080000000.0,
      "accounts_receivable": 23065000000.0
    },
    "cash_flow": {
      "operating_cash_flow": 16629000000.0,
      "capital_expenditure": 1077000000.0,
      "free_cash_flow": 17706000000.0,
      "financing_cash_flow": -9949000000.0,
      "investing_cash_flow": -7198000000.0,
      "dividends_paid": 245000000.0,
      "change_in_cash": null
    }
  },
  "2024-10-31": {
    "income_statement": {
      "total_revenue": 35082000000.0,
      "net_interest_income": 472000000.0,
      "net_income": 19309000000.0,
      "gross_profit": 26156000000.0,
      "operating_income": 21869000000.0,
      "ebitda": 22855000000.0,
      "research_development": 3390000000.0,
      "selling_general_admin": 897000000.0,
      "interest_expense": 61000000.0,
      "income_before_tax": 22316000000.0
    },
    "balance_sheet": {
      "total_assets": 96013000000.0,
      "total_current_assets": 67640000000.0,
      "total_debt": 10225000000.0,
      "short_term_debt": null,
      "long_term_debt": 8462000000.0,
      "total_current_liabilities": 16479000000.0,
      "stockholders_equity": 65899000000.0,
      "retained_earnings": 53950000000.0,
      "cash_and_equivalents": 9107000000.0,
      "inventory": 7654000000.0,
      "accounts_receivable": 17693000000.0
    },
    "cash_flow": {
      "operating_cash_flow": 17627000000.0,
      "capital_expenditure": 813000000.0,
      "free_cash_flow": 18440000000.0,
      "financing_cash_flow": -12745000000.0,
      "investing_cash_flow": -4346000000.0,
      "dividends_paid": 245000000.0,
      "change_in_cash": null
    }
  },
  "2024-07-31": {
    "income_statement": {
      "total_revenue": 30040000000.0,
      "net_interest_income": 444000000.0,
      "net_income": 16599000000.0,
      "gross_profit": 22574000000.0,
      "operating_income": 18642000000.0,
      "ebitda": 19708000000.0,
      "research_development": 3090000000.0,
      "selling_general_admin": 842000000.0,
      "interest_expense": 61000000.0,
      "income_before_tax": 19214000000.0
    },
    "balance_sheet": {
      "total_assets": 85227000000.0,
      "total_current_assets": 59633000000.0,
      "total_debt": 10015000000.0,
      "short_term_debt": null,
      "long_term_debt": 8461000000.0,
      "total_current_liabilities": 13969000000.0,
      "stockholders_equity": 58157000000.0,
      "retained_earnings": 45961000000.0,
      "cash_and_equivalents": 8563000000.0,
      "inventory": 6675000000.0,
      "accounts_receivable": 14132000000.0
    },
    "cash_flow": {
      "operating_cash_flow": 14488000000.0,
      "capital_expenditure": 977000000.0,
      "free_cash_flow": 15465000000.0,
      "financing_cash_flow": -10320000000.0,
      "investing_cash_flow": -3184000000.0,
      "dividends_paid": 246000000.0,
      "change_in_cash": null
    }
  },
  "2024-04-30": {
    "income_statement": {
      "total_revenue": 26044000000.0,
      "net_interest_income": 359000000.0,
      "net_income": 14881000000.0,
      "gross_profit": 20406000000.0,
      "operating_income": 16909000000.0,
      "ebitda": 17753000000.0,
      "research_development": 2720000000.0,
      "selling_general_admin": 777000000.0,
      "interest_expense": 64000000.0,
      "income_before_tax": 17279000000.0
    },
    "balance_sheet": {
      "total_assets": 77072000000.0,
      "total_current_assets": 53729000000.0,
      "total_debt": 10991000000.0,
      "short_term_debt": null,
      "long_term_debt": 8460000000.0,
      "total_current_liabilities": 15223000000.0,
      "stockholders_equity": 49142000000.0,
      "retained_earnings": 36598000000.0,
      "cash_and_equivalents": 7587000000.0,
      "inventory": 5864000000.0,
      "accounts_receivable": 12365000000.0
    },
    "cash_flow": {
      "operating_cash_flow": 15345000000.0,
      "capital_expenditure": 369000000.0,
      "free_cash_flow": 15714000000.0,
      "financing_cash_flow": -9345000000.0,
      "investing_cash_flow": -5693000000.0,
      "dividends_paid": 98000000.0,
      "change_in_cash": null
    }
  },
  "2024-01-31": {
    "income_statement": {
      "total_revenue": 22103000000.0,
      "net_interest_income": 294000000.0,
      "net_income": 12285000000.0,
      "gross_profit": 16791000000.0,
      "operating_income": 13614000000.0,
      "ebitda": 14556000000.0,
      "research_development": 2465000000.0,
      "selling_general_admin": 712000000.0,
      "interest_expense": 63000000.0,
      "income_before_tax": 14106000000.0
    },
    "balance_sheet": {
      "total_assets": 65728000000.0,
      "total_current_assets": 44345000000.0,
      "total_debt": 11056000000.0,
      "short_term_debt": null,
      "long_term_debt": 8459000000.0,
      "total_current_liabilities": 10631000000.0,
      "stockholders_equity": 42978000000.0,
      "retained_earnings": 29817000000.0,
      "cash_and_equivalents": 7280000000.0,
      "inventory": 5282000000.0,
      "accounts_receivable": 9999000000.0
    },
    "cash_flow": {
      "operating_cash_flow": 11499000000.0,
      "capital_expenditure": 254000000.0,
      "free_cash_flow": 11753000000.0,
      "financing_cash_flow": -3629000000.0,
      "investing_cash_flow": -6109000000.0,
      "dividends_paid": 99000000.0,
      "change_in_cash": null
    }
  },
  "2023-10-31": {
    "income_statement": {
      "total_revenue": 18120000000.0,
      "net_interest_income": 234000000.0,
      "net_income": 9243000000.0,
      "gross_profit": 13400000000.0,
      "operating_income": 10417000000.0,
      "ebitda": 10957000000.0,
      "research_development": 2294000000.0,
      "selling_general_admin": 689000000.0,
      "interest_expense": 63000000.0,
      "income_before_tax": 10522000000.0
    },
    "balance_sheet": {
      "total_assets": 54148000000.0,
      "total_current_assets": 32658000000.0,
      "total_debt": 11027000000.0,
      "short_term_debt": null,
      "long_term_debt": 8457000000.0,
      "total_current_liabilities": 9101000000.0,
      "stockholders_equity": 33265000000.0,
      "retained_earnings": 20360000000.0,
      "cash_and_equivalents": 5519000000.0,
      "inventory": 4779000000.0,
      "accounts_receivable": 8309000000.0
    },
    "cash_flow": {
      "operating_cash_flow": 7332000000.0,
      "capital_expenditure": 278000000.0,
      "free_cash_flow": 7610000000.0,
      "financing_cash_flow": -4526000000.0,
      "investing_cash_flow": -3170000000.0,
      "dividends_paid": 98000000.0,
      "change_in_cash": null
    }
  },
  "2023-07-31": {
    "income_statement": {
      "total_revenue": 13507000000.0,
      "net_interest_income": 187000000.0,
      "net_income": 6188000000.0,
      "gross_profit": 9462000000.0,
      "operating_income": 6800000000.0,
      "ebitda": 7411000000.0,
      "research_development": 2040000000.0,
      "selling_general_admin": 622000000.0,
      "interest_expense": 65000000.0,
      "income_before_tax": 6981000000.0
    },
    "balance_sheet": {
      "total_assets": 49555000000.0,
      "total_current_assets": 28797000000.0,
      "total_debt": 10954000000.0,
      "short_term_debt": null,
      "long_term_debt": 8456000000.0,
      "total_current_liabilities": 10334000000.0,
      "stockholders_equity": 27501000000.0,
      "retained_earnings": 14921000000.0,
      "cash_and_equivalents": 5783000000.0,
      "inventory": 4319000000.0,
      "accounts_receivable": 7066000000.0
    },
    "cash_flow": {
      "operating_cash_flow": 6348000000.0,
      "capital_expenditure": 289000000.0,
      "free_cash_flow": 6637000000.0,
      "financing_cash_flow": -5098000000.0,
      "investing_cash_flow": -446000000.0,
      "dividends_paid": 99000000.0,
      "change_in_cash": 803000000.0
    }
  },
  "2023-04-30": {
    "income_statement": {
      "total_revenue": 7192000000.0,
      "net_interest_income": 150000000.0,
      "net_income": 2043000000.0,
      "gross_profit": 4648000000.0,
      "operating_income": 2140000000.0,
      "ebitda": 2659000000.0,
      "research_development": 1875000000.0,
      "selling_general_admin": 633000000.0,
      "interest_expense": 66000000.0,
      "income_before_tax": 2209000000.0
    },
    "balance_sheet": {
      "total_assets": 44460000000.0,
      "total_current_assets": 24883000000.0,
      "total_debt": 12080000000.0,
      "short_term_debt": null,
      "long_term_debt": 9704000000.0,
      "total_current_liabilities": 7260000000.0,
      "stockholders_equity": 24520000000.0,
      "retained_earnings": 12115000000.0,
      "cash_and_equivalents": 5079000000.0,
      "inventory": 4611000000.0,
      "accounts_receivable": 4080000000.0
    },
    "cash_flow": {
      "operating_cash_flow": 2911000000.0,
      "capital_expenditure": 248000000.0,
      "free_cash_flow": 3159000000.0,
      "financing_cash_flow": -380000000.0,
      "investing_cash_flow": -841000000.0,
      "dividends_paid": 99000000.0,
      "change_in_cash": 1690000000.0
    }
  },
  "2023-01-31": {
    "income_statement": {
      "total_revenue": 6051000000.0,
      "net_interest_income": 115000000.0,
      "net_income": 1414000000.0,
      "gross_profit": 3833000000.0,
      "operating_income": 1256000000.0,
      "ebitda": 1778000000.0,
      "research_development": 1952000000.0,
      "selling_general_admin": 625000000.0,
      "interest_expense": 64000000.0,
      "income_before_tax": 1288000000.0
    },
    "balance_sheet": {
      "total_assets": 41182000000.0,
      "total_current_assets": 23073000000.0,
      "total_debt": 11855000000.0,
      "short_term_debt": null,
      "long_term_debt": 9703000000.0,
      "total_current_liabilities": 6563000000.0,
      "stockholders_equity": 22101000000.0,
      "retained_earnings": 10171000000.0,
      "cash_and_equivalents": 3389000000.0,
      "inventory": 5159000000.0,
      "accounts_receivable": 3827000000.0
    },
    "cash_flow": {
      "operating_cash_flow": 2249000000.0,
      "capital_expenditure": 509000000.0,
      "free_cash_flow": 2758000000.0,
      "financing_cash_flow": -1656000000.0,
      "investing_cash_flow": -3000000.0,
      "dividends_paid": 98000000.0,
      "change_in_cash": null
    }
  },
  "2022-10-31": {
    "income_statement": {
      "total_revenue": 5931000000.0,
      "net_interest_income": 88000000.0,
      "net_income": 680000000.0,
      "gross_profit": 3177000000.0,
      "operating_income": 601000000.0,
      "ebitda": 1084000000.0,
      "research_development": 1945000000.0,
      "selling_general_admin": 631000000.0,
      "interest_expense": 65000000.0,
      "income_before_tax": 613000000.0
    },
    "balance_sheet": {
      "total_assets": 40488000000.0,
      "total_current_assets": 23223000000.0,
      "total_debt": 11748000000.0,
      "short_term_debt": null,
      "long_term_debt": 9701000000.0,
      "total_current_liabilities": 6855000000.0,
      "stockholders_equity": 21349000000.0,
      "retained_earnings": 9905000000.0,
      "cash_and_equivalents": 2800000000.0,
      "inventory": 4454000000.0,
      "accounts_receivable": 4908000000.0
    },
    "cash_flow": {
      "operating_cash_flow": 392000000.0,
      "capital_expenditure": 530000000.0,
      "free_cash_flow": 922000000.0,
      "financing_cash_flow": -3753000000.0,
      "investing_cash_flow": 3148000000.0,
      "dividends_paid": 100000000.0,
      "change_in_cash": null
    }
  },
  "2022-07-31": {
    "income_statement": {
      "total_revenue": 6704000000.0,
      "net_interest_income": 46000000.0,
      "net_income": 656000000.0,
      "gross_profit": 2915000000.0,
      "operating_income": 499000000.0,
      "ebitda": 918000000.0,
      "research_development": 1824000000.0,
      "selling_general_admin": 592000000.0,
      "interest_expense": 65000000.0,
      "income_before_tax": 475000000.0
    },
    "balance_sheet": {
      "total_assets": 43476000000.0,
      "total_current_assets": 27418000000.0,
      "total_debt": 11692000000.0,
      "short_term_debt": null,
      "long_term_debt": 9700000000.0,
      "total_current_liabilities": 7573000000.0,
      "stockholders_equity": 23851000000.0,
      "retained_earnings": 12971000000.0,
      "cash_and_equivalents": 3013000000.0,
      "inventory": 3889000000.0,
      "accounts_receivable": 5317000000.0
    },
    "cash_flow": {
      "operating_cash_flow": 1270000000.0,
      "capital_expenditure": 433000000.0,
      "free_cash_flow": 1703000000.0,
      "financing_cash_flow": -3762000000.0,
      "investing_cash_flow": 1618000000.0,
      "dividends_paid": 100000000.0,
      "change_in_cash": null
    }
  },
  "2022-04-30": {
    "income_statement": {
      "total_revenue": 8288000000.0,
      "net_interest_income": 18000000.0,
      "net_income": 1618000000.0,
      "gross_profit": 5431000000.0,
      "operating_income": 1868000000.0,
      "ebitda": 2207000000.0,
      "research_development": 1618000000.0,
      "selling_general_admin": 592000000.0,
      "interest_expense": 68000000.0,
      "income_before_tax": 1805000000.0
    },
    "balance_sheet": {
      "total_assets": 45212000000.0,
      "total_current_assets": 29575000000.0,
      "total_debt": 11699000000.0,
      "short_term_debt": null,
      "long_term_debt": 10947000000.0,
      "total_current_liabilities": 5562000000.0,
      "stockholders_equity": 26320000000.0,
      "retained_earnings": 15758000000.0,
      "cash_and_equivalents": 3887000000.0,
      "inventory": 3163000000.0,
      "accounts_receivable": 5438000000.0
    },
    "cash_flow": {
      "operating_cash_flow": 1731000000.0,
      "capital_expenditure": 361000000.0,
      "free_cash_flow": 2092000000.0,
      "financing_cash_flow": -2446000000.0,
      "investing_cash_flow": 2612000000.0,
      "dividends_paid": 100000000.0,
      "change_in_cash": 1897000000.0
    }
  },
  "2022-01-31": {
    "income_statement": {
      "total_revenue": 7643000000.0,
      "net_interest_income": 9000000.0,
      "net_income": 3003000000.0,
      "gross_profit": 4999000000.0,
      "operating_income": 2970000000.0,
      "ebitda": 3235000000.0,
      "research_development": 1466000000.0,
      "selling_general_admin": 563000000.0,
      "interest_expense": 61000000.0,
      "income_before_tax": 2865000000.0
    },
    "balance_sheet": {
      "total_assets": 44187000000.0,
      "total_current_assets": 28829000000.0,
      "total_debt": 12355000000.0,
      "short_term_debt": null,
      "long_term_debt": 10946000000.0,
      "total_current_liabilities": 4335000000.0,
      "stockholders_equity": 26612000000.0,
      "retained_earnings": 16235000000.0,
      "cash_and_equivalents": 1990000000.0,
      "inventory": 2605000000.0,
      "accounts_receivable": 4650000000.0
    },
    "cash_flow": {
      "operating_cash_flow": 3033000000.0,
      "capital_expenditure": 273000000.0,
      "free_cash_flow": 3306000000.0,
      "financing_cash_flow": -745000000.0,
      "investing_cash_flow": -1586000000.0,
      "dividends_paid": 101000000.0,
      "change_in_cash": 702000000.0
    }
  },
  "2021-10-31": {
    "income_statement": {
      "total_revenue": 7103000000.0,
      "net_interest_income": 7000000.0,
      "net_income": 2464000000.0,
      "gross_profit": 4631000000.0,
      "operating_income": 2671000000.0,
      "ebitda": 2998000000.0,
      "research_development": 1403000000.0,
      "selling_general_admin": 557000000.0,
      "interest_expense": 62000000.0,
      "income_before_tax": 2638000000.0
    },
    "balance_sheet": {
      "total_assets": 40632000000.0,
      "total_current_assets": 25806000000.0,
      "total_debt": 11687000000.0,
      "short_term_debt": null,
      "long_term_debt": 10944000000.0,
      "total_current_liabilities": 3612000000.0,
      "stockholders_equity": 23798000000.0,
      "retained_earnings": 25359000000.0,
      "cash_and_equivalents": 1288000000.0,
      "inventory": 2233000000.0,
      "accounts_receivable": 3954000000.0
    },
    "cash_flow": {
      "operating_cash_flow": 1519000000.0,
      "capital_expenditure": 222000000.0,
      "free_cash_flow": 1741000000.0,
      "financing_cash_flow": -1420000000.0,
      "investing_cash_flow": -4439000000.0,
      "dividends_paid": 100000000.0,
      "change_in_cash": -4340000000.0
    }
  },
  "2021-07-31": {
    "income_statement": {
      "total_revenue": 6507000000.0,
      "net_interest_income": 6000000.0,
      "net_income": 2374000000.0,
      "gross_profit": 4215000000.0,
      "operating_income": 2444000000.0,
      "ebitda": 2740000000.0,
      "research_development": 1245000000.0,
      "selling_general_admin": 526000000.0,
      "interest_expense": 60000000.0,
      "income_before_tax": 2394000000.0
    },
    "balance_sheet": {
      "total_assets": 38650000000.0,
      "total_current_assets": 25806000000.0,
      "total_debt": 12659000000.0,
      "short_term_debt": null,
      "long_term_debt": 10943000000.0,
      "total_current_liabilities": 4448000000.0,
      "stockholders_equity": 21147000000.0,
      "retained_earnings": 22995000000.0,
      "cash_and_equivalents": 5628000000.0,
      "inventory": 2114000000.0,
      "accounts_receivable": 3586000000.0
    },
    "cash_flow": {
      "operating_cash_flow": 2682000000.0,
      "capital_expenditure": 183000000.0,
      "free_cash_flow": 2865000000.0,
      "financing_cash_flow": 4501000000.0,
      "investing_cash_flow": -2533000000.0,
      "dividends_paid": 99000000.0,
      "change_in_cash": 4650000000.0
    }
  },
  "2021-04-30": {
    "income_statement": {
      "total_revenue": 5661000000.0,
      "net_interest_income": 6000000.0,
      "net_income": 1912000000.0,
      "gross_profit": 3629000000.0,
      "operating_income": 1956000000.0,
      "ebitda": 2378000000.0,
      "research_development": 1153000000.0,
      "selling_general_admin": 520000000.0,
      "interest_expense": 53000000.0,
      "income_before_tax": 2044000000.0
    },
    "balance_sheet": {
      "total_assets": 30796000000.0,
      "total_current_assets": 18127000000.0,
      "total_debt": 7738000000.0,
      "short_term_debt": null,
      "long_term_debt": 5964000000.0,
      "total_current_liabilities": 4004000000.0,
      "stockholders_equity": 18774000000.0,
      "retained_earnings": 20721000000.0,
      "cash_and_equivalents": 978000000.0,
      "inventory": 1992000000.0,
      "accounts_receivable": 3024000000.0
    },
    "cash_flow": {
      "operating_cash_flow": 1874000000.0,
      "capital_expenditure": 298000000.0,
      "free_cash_flow": 2172000000.0,
      "financing_cash_flow": -471000000.0,
      "investing_cash_flow": -1272000000.0,
      "dividends_paid": 99000000.0,
      "change_in_cash": 131000000.0
    }
  },
  "2021-01-31": {
    "income_statement": {
      "total_revenue": 5003000000.0,
      "net_interest_income": 6000000.0,
      "net_income": 1457000000.0,
      "gross_profit": 3156000000.0,
      "operating_income": 1507000000.0,
      "ebitda": 1811000000.0,
      "research_development": 1146000000.0,
      "selling_general_admin": 503000000.0,
      "interest_expense": 53000000.0,
      "income_before_tax": 1470000000.0
    },
    "balance_sheet": {
      "total_assets": 28791000000.0,
      "total_current_assets": 16055000000.0,
      "total_debt": 7597000000.0,
      "short_term_debt": null,
      "long_term_debt": 5964000000.0,
      "total_current_liabilities": 3925000000.0,
      "stockholders_equity": 16893000000.0,
      "retained_earnings": 18908000000.0,
      "cash_and_equivalents": 847000000.0,
      "inventory": 1826000000.0,
      "accounts_receivable": 2429000000.0
    },
    "cash_flow": {
      "operating_cash_flow": 2067000000.0,
      "capital_expenditure": 283000000.0,
      "free_cash_flow": 2350000000.0,
      "financing_cash_flow": -342000000.0,
      "investing_cash_flow": -3129000000.0,
      "dividends_paid": 99000000.0,
      "change_in_cash": -1404000000.0
    }
  },
  "2020-10-31": {
    "income_statement": {
      "total_revenue": 4726000000.0,
      "net_interest_income": 7000000.0,
      "net_income": 1336000000.0,
      "gross_profit": 2960000000.0,
      "operating_income": 1398000000.0,
      "ebitda": 1700000000.0,
      "research_development": 1047000000.0,
      "selling_general_admin": 515000000.0,
      "interest_expense": 53000000.0,
      "income_before_tax": 1348000000.0
    },
    "balance_sheet": {
      "total_assets": 26881000000.0,
      "total_current_assets": 14393000000.0,
      "total_debt": 7565000000.0,
      "short_term_debt": null,
      "long_term_debt": 5963000000.0,
      "total_current_liabilities": 3669000000.0,
      "stockholders_equity": 15334000000.0,
      "retained_earnings": 17550000000.0,
      "cash_and_equivalents": 2251000000.0,
      "inventory": 1495000000.0,
      "accounts_receivable": 2546000000.0
    },
    "cash_flow": {
      "operating_cash_flow": 1279000000.0,
      "capital_expenditure": 473000000.0,
      "free_cash_flow": 1752000000.0,
      "financing_cash_flow": -301000000.0,
      "investing_cash_flow": -2001000000.0,
      "dividends_paid": 99000000.0,
      "change_in_cash": -1023000000.0
    }
  },
  "2020-07-31": {
    "income_statement": {
      "total_revenue": 3866000000.0,
      "net_interest_income": 13000000.0,
      "net_income": 622000000.0,
      "gross_profit": 2275000000.0,
      "operating_income": 651000000.0,
      "ebitda": 1067000000.0,
      "research_development": 997000000.0,
      "selling_general_admin": 627000000.0,
      "interest_expense": 54000000.0,
      "income_before_tax": 609000000.0
    },
    "balance_sheet": {
      "total_assets": 25180000000.0,
      "total_current_assets": 14681000000.0,
      "total_debt": 7695000000.0,
      "short_term_debt": null,
      "long_term_debt": 6960000000.0,
      "total_current_liabilities": 2410000000.0,
      "stockholders_equity": 13914000000.0,
      "retained_earnings": 16313000000.0,
      "cash_and_equivalents": 3274000000.0,
      "inventory": 1401000000.0,
      "accounts_receivable": 2084000000.0
    },
    "cash_flow": {
      "operating_cash_flow": 1567000000.0,
      "capital_expenditure": 217000000.0,
      "free_cash_flow": 1784000000.0,
      "financing_cash_flow": -297000000.0,
      "investing_cash_flow": -13490000000.0,
      "dividends_paid": 99000000.0,
      "change_in_cash": -12220000000.0
    }
  }
}