{
  "2025-03-31": {
    "income_statement": {
      "total_revenue": 1117279000.0,
      "net_interest_income": 5848000.0,
      "net_income": 1270000.0,
      "gross_profit": 952277000.0,
      "operating_income": 11102000.0,
      "ebitda": 43906000.0,
      "research_development": 481887000.0,
      "selling_general_admin": 459271000.0,
      "interest_expense": null,
      "income_before_tax": 20900000.0
    },
    "balance_sheet": {
      "total_assets": 5841526000.0,
      "total_current_assets": 3896492000.0,
      "total_debt": 996825000.0,
      "short_term_debt": null,
      "long_term_debt": 160157000.0,
      "total_current_liabilities": 1983721000.0,
      "stockholders_equity": 3499513000.0,
      "retained_earnings": -8605566000.0,
      "cash_and_equivalents": 2516411000.0,
      "inventory": 494660000.0,
      "accounts_receivable": 745977000.0
    },
    "cash_flow": {
      "operating_cash_flow": 44082000.0,
      "capital_expenditure": 116407000.0,
      "free_cash_flow": 160489000.0,
      "financing_cash_flow": -33777000.0,
      "investing_cash_flow": -121941000.0,
      "dividends_paid": null,
      "change_in_cash": null
    }
  },
  "2024-12-31": {
    "income_statement": {
      "total_revenue": 1127824000.0,
      "net_interest_income": 7808000.0,
      "net_income": -151881000.0,
      "gross_profit": 967264000.0,
      "operating_income": -79425000.0,
      "ebitda": -29179000.0,
      "research_development": 542012000.0,
      "selling_general_admin": 504677000.0,
      "interest_expense": null,
      "income_before_tax": -85351000.0
    },
    "balance_sheet": {
      "total_assets": 5920910000.0,
      "total_current_assets": 3991593000.0,
      "total_debt": 1079866000.0,
      "short_term_debt": null,
      "long_term_debt": 166484000.0,
      "total_current_liabilities": 2214899000.0,
      "stockholders_equity": 3332222000.0,
      "retained_earnings": -8606836000.0,
      "cash_and_equivalents": 2627410000.0,
      "inventory": 494986000.0,
      "accounts_receivable": 709106000.0
    },
    "cash_flow": {
      "operating_cash_flow": 75160000.0,
      "capital_expenditure": 92480000.0,
      "free_cash_flow": 167640000.0,
      "financing_cash_flow": -4523000.0,
      "investing_cash_flow": -93605000.0,
      "dividends_paid": null,
      "change_in_cash": null
    }
  },
  "2024-09-30": {
    "income_statement": {
      "total_revenue": 1001599000.0,
      "net_interest_income": 10643000.0,
      "net_income": -121350000.0,
      "gross_profit": 831137000.0,
      "operating_income": -120265000.0,
      "ebitda": -48973000.0,
      "research_development": 496179000.0,
      "selling_general_admin": 455223000.0,
      "interest_expense": null,
      "income_before_tax": -98304000.0
    },
    "balance_sheet": {
      "total_assets": 5830860000.0,
      "total_current_assets": 3911736000.0,
      "total_debt": 1101477000.0,
      "short_term_debt": null,
      "long_term_debt": 187513000.0,
      "total_current_liabilities": 2025332000.0,
      "stockholders_equity": 3436073000.0,
      "retained_earnings": -8454955000.0,
      "cash_and_equivalents": 2701933000.0,
      "inventory": 431676000.0,
      "accounts_receivable": 603014000.0
    },
    "cash_flow": {
      "operating_cash_flow": 188369000.0,
      "capital_expenditure": 133655000.0,
      "free_cash_flow": 322024000.0,
      "financing_cash_flow": 12662000.0,
      "investing_cash_flow": -133882000.0,
      "dividends_paid": null,
      "change_in_cash": null
    }
  },
  "2024-06-30": {
    "income_statement": {
      "total_revenue": 929166000.0,
      "net_interest_income": 13225000.0,
      "net_income": -120405000.0,
      "gross_profit": 791034000.0,
      "operating_income": -107161000.0,
      "ebitda": -83051000.0,
      "research_development": 454466000.0,
      "selling_general_admin": 443729000.0,
      "interest_expense": null,
      "income_before_tax": -105920000.0
    },
    "balance_sheet": {
      "total_assets": 5712179000.0,
      "total_current_assets": 3839022000.0,
      "total_debt": 1089984000.0,
      "short_term_debt": null,
      "long_term_debt": 185271000.0,
      "total_current_liabilities": 1938768000.0,
      "stockholders_equity": 3366255000.0,
      "retained_earnings": -8333605000.0,
      "cash_and_equivalents": 2592655000.0,
      "inventory": 443260000.0,
      "accounts_receivable": 529449000.0
    },
    "cash_flow": {
      "operating_cash_flow": -95588000.0,
      "capital_expenditure": 109950000.0,
      "free_cash_flow": 14362000.0,
      "financing_cash_flow": 23017000.0,
      "investing_cash_flow": -111032000.0,
      "dividends_paid": null,
      "change_in_cash": null
    }
  },
  "2024-03-31": {
    "income_statement": {
      "total_revenue": 751652000.0,
      "net_interest_income": 16160000.0,
      "net_income": -251150000.0,
      "gross_profit": 626717000.0,
      "operating_income": -261348000.0,
      "ebitda": -236055000.0,
      "research_development": 460638000.0,
      "selling_general_admin": 427427000.0,
      "interest_expense": null,
      "income_before_tax": -243426000.0
    },
    "balance_sheet": {
      "total_assets": 5667681000.0,
      "total_current_assets": 3907750000.0,
      "total_debt": 1063115000.0,
      "short_term_debt": null,
      "long_term_debt": 199027000.0,
      "total_current_liabilities": 1881689000.0,
      "stockholders_equity": 3360361000.0,
      "retained_earnings": -8213200000.0,
      "cash_and_equivalents": 2793370000.0,
      "inventory": 447345000.0,
      "accounts_receivable": 435294000.0
    },
    "cash_flow": {
      "operating_cash_flow": -308572000.0,
      "capital_expenditure": 193052000.0,
      "free_cash_flow": -115520000.0,
      "financing_cash_flow": 162293000.0,
      "investing_cash_flow": -209831000.0,
      "dividends_paid": null,
      "change_in_cash": null
    }
  },
  "2023-12-31": {
    "income_statement": {
      "total_revenue": 634409000.0,
      "net_interest_income": null,
      "net_income": -2656903091.0,
      "gross_profit": 528577000.0,
      "operating_income": -383795000.0,
      "ebitda": -359976000.0,
      "research_development": 493987000.0,
      "selling_general_admin": 416547000.0,
      "interest_expense": null,
      "income_before_tax": -350772000.0
    },
    "balance_sheet": {
      "total_assets": 5805275000.0,
      "total_current_assets": 4203414000.0,
      "total_debt": 930185000.0,
      "short_term_debt": null,
      "long_term_debt": 197618000.0,
      "total_current_liabilities": 1810113000.0,
      "stockholders_equity": 3537327000.0,
      "retained_earnings": -7962050000.0,
      "cash_and_equivalents": 3171800000.0,
      "inventory": 416122000.0,
      "accounts_receivable": 358027000.0
    },
    "cash_flow": {
      "operating_cash_flow": -221638000.0,
      "capital_expenditure": 166911000.0,
      "free_cash_flow": -54727000.0,
      "financing_cash_flow": 347048000.0,
      "investing_cash_flow": -62584000.0,
      "dividends_paid": null,
      "change_in_cash": null
    }
  },
  "2023-09-30": {
    "income_statement": {
      "total_revenue": 781308000.0,
      "net_interest_income": 26649000.0,
      "net_income": 215413000.0,
      "gross_profit": 684999000.0,
      "operating_income": -133968000.0,
      "ebitda": -112458000.0,
      "research_development": 453259000.0,
      "selling_general_admin": 365708000.0,
      "interest_expense": null,
      "income_before_tax": 229338000.0
    },
    "balance_sheet": {
      "total_assets": 5524879000.0,
      "total_current_assets": 4053542000.0,
      "total_debt": 579772000.0,
      "short_term_debt": null,
      "long_term_debt": 202491000.0,
      "total_current_liabilities": 1283297000.0,
      "stockholders_equity": 3763234000.0,
      "retained_earnings": -7594497000.0,
      "cash_and_equivalents": 3067336000.0,
      "inventory": 316929000.0,
      "accounts_receivable": 354618000.0
    },
    "cash_flow": {
      "operating_cash_flow": -78150000.0,
      "capital_expenditure": 182295000.0,
      "free_cash_flow": 104145000.0,
      "financing_cash_flow": -76782000.0,
      "investing_cash_flow": -186275000.0,
      "dividends_paid": null,
      "change_in_cash": null
    }
  },
  "2023-06-30": {
    "income_statement": {
      "total_revenue": 595261000.0,
      "net_interest_income": null,
      "net_income": -381137000.0,
      "gross_profit": 76507000.0,
      "operating_income": -318715000.0,
      "ebitda": -296380000.0,
      "research_development": 422764000.0,
      "selling_general_admin": null,
      "interest_expense": null,
      "income_before_tax": -367463000.0
    },
    "balance_sheet": {
      "total_assets": 5728736000.0,
      "total_current_assets": 4401419000.0,
      "total_debt": 677807000.0,
      "short_term_debt": null,
      "long_term_debt": null,
      "total_current_liabilities": 1405109000.0,
      "stockholders_equity": 3798559000.0,
      "retained_earnings": -7809910000.0,
      "cash_and_equivalents": 3410368000.0,
      "inventory": 321333000.0,
      "accounts_receivable": 338140000.0
    },
    "cash_flow": {
      "operating_cash_flow": -293888000.0,
      "capital_expenditure": 121470000.0,
      "free_cash_flow": -172418000.0,
      "financing_cash_flow": 166080000.0,
      "investing_cash_flow": 67800000.0,
      "dividends_paid": null,
      "change_in_cash": null
    }
  },
  "2023-03-31": {
    "income_statement": {
      "total_revenue": 447801000.0,
      "net_interest_income": null,
      "net_income": -348431000.0,
      "gross_profit": -42572000.0,
      "operating_income": -371258000.0,
      "ebitda": -351247000.0,
      "research_development": 408584000.0,
      "selling_general_admin": null,
      "interest_expense": null,
      "income_before_tax": -336939000.0
    },
    "balance_sheet": {
      "total_assets": 5956775000.0,
      "total_current_assets": 4704318000.0,
      "total_debt": 545194000.0,
      "short_term_debt": null,
      "long_term_debt": null,
      "total_current_liabilities": 1254551000.0,
      "stockholders_equity": 4157306000.0,
      "retained_earnings": -7428773000.0,
      "cash_and_equivalents": 3538644000.0,
      "inventory": 296995000.0,
      "accounts_receivable": 332158000.0
    },
    "cash_flow": {
      "operating_cash_flow": -563777000.0,
      "capital_expenditure": 125585000.0,
      "free_cash_flow": -438192000.0,
      "financing_cash_flow": -19868000.0,
      "investing_cash_flow": 241063000.0,
      "dividends_paid": null,
      "change_in_cash": null
    }
  },
  "2022-12-31": {
    "income_statement": {
      "total_revenue": 380095000.0,
      "net_interest_income": null,
      "net_income": -3169148593.0,
      "gross_profit": -139450000.0,
      "operating_income": -468622000.0,
      "ebitda": -450606000.0,
      "research_development": 446023000.0,
      "selling_general_admin": null,
      "interest_expense": 18219000.0,
      "income_before_tax": -430965000.0
    },
    "balance_sheet": {
      "total_assets": 6379290000.0,
      "total_current_assets": 4713456000.0,
      "total_debt": 891127000.0,
      "short_term_debt": null,
      "long_term_debt": null,
      "total_current_liabilities": 1018020000.0,
      "stockholders_equity": 4383355000.0,
      "retained_earnings": -7080342000.0,
      "cash_and_equivalents": 3869564000.0,
      "inventory": 282346000.0,
      "accounts_receivable": 198984000.0
    },
    "cash_flow": {
      "operating_cash_flow": -318191000.0,
      "capital_expenditure": 170023000.0,
      "free_cash_flow": -148168000.0,
      "financing_cash_flow": -110366000.0,
      "investing_cash_flow": 38536000.0,
      "dividends_paid": null,
      "change_in_cash": null
    }
  },
  "2022-09-30": {
    "income_statement": {
      "total_revenue": 387628000.0,
      "net_interest_income": null,
      "net_income": -557556000.0,
      "gross_profit": -115278000.0,
      "operating_income": -438357000.0,
      "ebitda": -422156000.0,
      "research_development": 426363000.0,
      "selling_general_admin": null,
      "interest_expense": 12759000.0,
      "income_before_tax": -551238000.0
    },
    "balance_sheet": {
      "total_assets": 6726013000.0,
      "total_current_assets": 5749168000.0,
      "total_debt": 710577000.0,
      "short_term_debt": null,
      "long_term_debt": null,
      "total_current_liabilities": 1411311000.0,
      "stockholders_equity": 4655171000.0,
      "retained_earnings": -6635007000.0,
      "cash_and_equivalents": 4197132000.0,
      "inventory": 290911000.0,
      "accounts_receivable": 202645000.0
    },
    "cash_flow": {
      "operating_cash_flow": -561906000.0,
      "capital_expenditure": 128655000.0,
      "free_cash_flow": -433251000.0,
      "financing_cash_flow": 120242000.0,
      "investing_cash_flow": 169484000.0,
      "dividends_paid": null,
      "change_in_cash": null
    }
  },
  "2022-06-30": {
    "income_statement": {
      "total_revenue": 341572000.0,
      "net_interest_income": null,
      "net_income": -571449000.0,
      "gross_profit": -107808000.0,
      "operating_income": -439399000.0,
      "ebitda": -423938000.0,
      "research_development": 378207000.0,
      "selling_general_admin": null,
      "interest_expense": 11431000.0,
      "income_before_tax": -557585000.0
    },
    "balance_sheet": {
      "total_assets": 7378207000.0,
      "total_current_assets": 6345876000.0,
      "total_debt": 632645000.0,
      "short_term_debt": null,
      "long_term_debt": null,
      "total_current_liabilities": 1398409000.0,
      "stockholders_equity": 5302544000.0,
      "retained_earnings": -5971826000.0,
      "cash_and_equivalents": 4531137000.0,
      "inventory": 262210000.0,
      "accounts_receivable": 192279000.0
    },
    "cash_flow": {
      "operating_cash_flow": -379959000.0,
      "capital_expenditure": 50290000.0,
      "free_cash_flow": -329669000.0,
      "financing_cash_flow": -17580000.0,
      "investing_cash_flow": 658710000.0,
      "dividends_paid": null,
      "change_in_cash": null
    }
  },
  "2022-03-31": {
    "income_statement": {
      "total_revenue": 306626000.0,
      "net_interest_income": null,
      "net_income": -434274000.0,
      "gross_profit": -148526000.0,
      "operating_income": -443287000.0,
      "ebitda": -426687000.0,
      "research_development": 389915000.0,
      "selling_general_admin": null,
      "interest_expense": 10071000.0,
      "income_before_tax": -421249000.0
    },
    "balance_sheet": {
      "total_assets": 8021388000.0,
      "total_current_assets": 6948139000.0,
      "total_debt": 671875000.0,
      "short_term_debt": null,
      "long_term_debt": null,
      "total_current_liabilities": 1376306000.0,
      "stockholders_equity": 5885500000.0,
      "retained_earnings": -5400377000.0,
      "cash_and_equivalents": 4347162000.0,
      "inventory": 245628000.0,
      "accounts_receivable": 216348000.0
    },
    "cash_flow": {
      "operating_cash_flow": -236563000.0,
      "capital_expenditure": 120131000.0,
      "free_cash_flow": -116432000.0,
      "financing_cash_flow": -11267000.0,
      "investing_cash_flow": 210393000.0,
      "dividends_paid": null,
      "change_in_cash": null
    }
  },
  "2021-12-31": {
    "income_statement": {
      "total_revenue": 213979000.0,
      "net_interest_income": null,
      "net_income": -585653000.0,
      "gross_profit": -265051000.0,
      "operating_income": -571739000.0,
      "ebitda": -558618000.0,
      "research_development": 430485000.0,
      "selling_general_admin": null,
      "interest_expense": null,
      "income_before_tax": -586804000.0
    },
    "balance_sheet": {
      "total_assets": 8645949000.0,
      "total_current_assets": 7613880000.0,
      "total_debt": 694644000.0,
      "short_term_debt": null,
      "long_term_debt": null,
      "total_current_liabilities": 1599555000.0,
      "stockholders_equity": 6242987000.0,
      "retained_earnings": -4966103000.0,
      "cash_and_equivalents": 4375678000.0,
      "inventory": 242626000.0,
      "accounts_receivable": 500175000.0
    },
    "cash_flow": {
      "operating_cash_flow": -507839000.0,
      "capital_expenditure": 158388000.0,
      "free_cash_flow": -349451000.0,
      "financing_cash_flow": 3384654000.0,
      "investing_cash_flow": 109110000.0,
      "dividends_paid": null,
      "change_in_cash": null
    }
  },
  "2021-09-30": {
    "income_statement": {
      "total_revenue": 206440000.0,
      "net_interest_income": null,
      "net_income": -413855000.0,
      "gross_profit": -192910000.0,
      "operating_income": -462325000.0,
      "ebitda": -450148000.0,
      "research_development": 351937000.0,
      "selling_general_admin": null,
      "interest_expense": null,
      "income_before_tax": -433078000.0
    },
    "balance_sheet": {
      "total_assets": 5286334000.0,
      "total_current_assets": 4432835000.0,
      "total_debt": 699535000.0,
      "short_term_debt": null,
      "long_term_debt": null,
      "total_current_liabilities": 1304435000.0,
      "stockholders_equity": 3357073000.0,
      "retained_earnings": -4380450000.0,
      "cash_and_equivalents": 1383310000.0,
      "inventory": 150979000.0,
      "accounts_receivable": 129584000.0
    },
    "cash_flow": {
      "operating_cash_flow": -495713000.0,
      "capital_expenditure": 67043000.0,
      "free_cash_flow": -428670000.0,
      "financing_cash_flow": 109207000.0,
      "investing_cash_flow": -11995000.0,
      "dividends_paid": null,
      "change_in_cash": null
    }
  },
  "2021-06-30": {
    "income_statement": {
      "total_revenue": 149992000.0,
      "net_interest_income": null,
      "net_income": -480341000.0,
      "gross_profit": -242362000.0,
      "operating_income": -474838000.0,
      "ebitda": -463311000.0,
      "research_development": 356091000.0,
      "selling_general_admin": null,
      "interest_expense": null,
      "income_before_tax": -480571000.0
    },
    "balance_sheet": {
      "total_assets": 5524116000.0,
      "total_current_assets": 4799039000.0,
      "total_debt": 680380000.0,
      "short_term_debt": null,
      "long_term_debt": null,
      "total_current_liabilities": 1242314000.0,
      "stockholders_equity": 3606775000.0,
      "retained_earnings": -3966595000.0,
      "cash_and_equivalents": 1776448000.0,
      "inventory": 117587000.0,
      "accounts_receivable": 73787000.0
    },
    "cash_flow": {
      "operating_cash_flow": -420266000.0,
      "capital_expenditure": 38531000.0,
      "free_cash_flow": -381735000.0,
      "financing_cash_flow": 35631000.0,
      "investing_cash_flow": 251596000.0,
      "dividends_paid": null,
      "change_in_cash": null
    }
  },
  "2021-03-31": {
    "income_statement": {
      "total_revenue": 605872000.0,
      "net_interest_income": null,
      "net_income": 66495000.0,
      "gross_profit": 252461000.0,
      "operating_income": 70167000.0,
      "ebitda": 79799000.0,
      "research_development": 320726000.0,
      "selling_general_admin": null,
      "interest_expense": null,
      "income_before_tax": 61865000.0
    },
    "balance_sheet": {
      "total_assets": 5821004000.0,
      "total_current_assets": 5140979000.0,
      "total_debt": 638620000.0,
      "short_term_debt": null,
      "long_term_debt": null,
      "total_current_liabilities": 1112542000.0,
      "stockholders_equity": 4003587000.0,
      "retained_earnings": -3486254000.0,
      "cash_and_equivalents": 1901819000.0,
      "inventory": 72974000.0,
      "accounts_receivable": 84010000.0
    },
    "cash_flow": {
      "operating_cash_flow": 125095000.0,
      "capital_expenditure": 50889000.0,
      "free_cash_flow": 175984000.0,
      "financing_cash_flow": 107419000.0,
      "investing_cash_flow": 291948000.0,
      "dividends_paid": null,
      "change_in_cash": null
    }
  },
  "2020-12-31": {
    "income_statement": {
      "total_revenue": 100100000.0,
      "net_interest_income": null,
      "net_income": -472745000.0,
      "gross_profit": -276515000.0,
      "operating_income": -484912000.0,
      "ebitda": -477084000.0,
      "research_development": 355537000.0,
      "selling_general_admin": null,
      "interest_expense": null,
      "income_before_tax": -481976000.0
    },
    "balance_sheet": {
      "total_assets": 5600757000.0,
      "total_current_assets": 4960690000.0,
      "total_debt": 561964000.0,
      "short_term_debt": null,
      "long_term_debt": null,
      "total_current_liabilities": 1075199000.0,
      "stockholders_equity": 3869243000.0,
      "retained_earnings": -3552749000.0,
      "cash_and_equivalents": 1381950000.0,
      "inventory": 89293000.0,
      "accounts_receivable": 79673000.0
    },
    "cash_flow": {
      "operating_cash_flow": -332334000.0,
      "capital_expenditure": 56714000.0,
      "free_cash_flow": -275620000.0,
      "financing_cash_flow": 325658000.0,
      "investing_cash_flow": -86925000.0,
      "dividends_paid": null,
      "change_in_cash": null
    }
  },
  "2020-09-30": {
    "income_statement": {
      "total_revenue": 91080000.0,
      "net_interest_income": null,
      "net_income": -425224000.0,
      "gross_profit": -279113000.0,
      "operating_income": -440137000.0,
      "ebitda": -431793000.0,
      "research_development": 349070000.0,
      "selling_general_admin": null,
      "interest_expense": null,
      "income_before_tax": -435040000.0
    },
    "balance_sheet": {
      "total_assets": 5566390000.0,
      "total_current_assets": 4965736000.0,
      "total_debt": 243732000.0,
      "short_term_debt": null,
      "long_term_debt": null,
      "total_current_liabilities": 645721000.0,
      "stockholders_equity": 4287494000.0,
      "retained_earnings": -3080004000.0,
      "cash_and_equivalents": 1464470000.0,
      "inventory": 35525000.0,
      "accounts_receivable": 60266000.0
    },
    "cash_flow": {
      "operating_cash_flow": -346241000.0,
      "capital_expenditure": 75181000.0,
      "free_cash_flow": -271060000.0,
      "financing_cash_flow": 1994007000.0,
      "investing_cash_flow": -1536577000.0,
      "dividends_paid": null,
      "change_in_cash": null
    }
  },
  "2020-06-30": {
    "income_statement": {
      "total_revenue": 65635000.0,
      "net_interest_income": null,
      "net_income": -335202000.0,
      "gross_profit": -234640000.0,
      "operating_income": -358877000.0,
      "ebitda": -351010000.0,
      "research_development": 285968000.0,
      "selling_general_admin": null,
      "interest_expense": 1108000.0,
      "income_before_tax": -337793000.0
    },
    "balance_sheet": {
      "total_assets": 3903290000.0,
      "total_current_assets": 3392404000.0,
      "total_debt": 361769000.0,
      "short_term_debt": null,
      "long_term_debt": null,
      "total_current_liabilities": 365094000.0,
      "stockholders_equity": 2546492000.0,
      "retained_earnings": -2654780000.0,
      "cash_and_equivalents": 1345014000.0,
      "inventory": 33234000.0,
      "accounts_receivable": 61663000.0
    },
    "cash_flow": {
      "operating_cash_flow": -262942000.0,
      "capital_expenditure": 32605000.0,
      "free_cash_flow": -230337000.0,
      "financing_cash_flow": 80993000.0,
      "investing_cash_flow": -429895000.0,
      "dividends_paid": null,
      "change_in_cash": null
    }
  }
}