{
  "2025-03-31": {
    "income_statement": {
      "total_revenue": 32632000.0,
      "net_interest_income": 1705000.0,
      "net_income": -22017000.0,
      "gross_profit": 13483000.0,
      "operating_income": -23830000.0,
      "ebitda": -23830000.0,
      "research_development": 14985000.0,
      "selling_general_admin": 15905000.0,
      "interest_expense": 0.0,
      "income_before_tax": -21822000.0
    },
    "balance_sheet": {
      "total_assets": 268587000.0,
      "total_current_assets": 218591000.0,
      "total_debt": 18965000.0,
      "short_term_debt": null,
      "long_term_debt": null,
      "total_current_liabilities": 84962000.0,
      "stockholders_equity": 167943000.0,
      "retained_earnings": -935088000.0,
      "cash_and_equivalents": 53984000.0,
      "inventory": 15105000.0,
      "accounts_receivable": 25852000.0
    },
    "cash_flow": {
      "operating_cash_flow": -4879000.0,
      "capital_expenditure": 552000.0,
      "free_cash_flow": -4327000.0,
      "financing_cash_flow": 660000.0,
      "investing_cash_flow": 12590000.0,
      "dividends_paid": null,
      "change_in_cash": null
    }
  },
  "2024-12-31": {
    "income_statement": {
      "total_revenue": 30092000.0,
      "net_interest_income": 1795000.0,
      "net_income": -23737000.0,
      "gross_profit": 13183000.0,
      "operating_income": -25598000.0,
      "ebitda": -20126000.0,
      "research_development": 14719000.0,
      "selling_general_admin": 17017000.0,
      "interest_expense": 0.0,
      "income_before_tax": -23417000.0
    },
    "balance_sheet": {
      "total_assets": 276148000.0,
      "total_current_assets": 219852000.0,
      "total_debt": 20250000.0,
      "short_term_debt": null,
      "long_term_debt": null,
      "total_current_liabilities": 78426000.0,
      "stockholders_equity": 180911000.0,
      "retained_earnings": -913071000.0,
      "cash_and_equivalents": 45542000.0,
      "inventory": 16417000.0,
      "accounts_receivable": 22823000.0
    },
    "cash_flow": {
      "operating_cash_flow": -2561000.0,
      "capital_expenditure": 1449000.0,
      "free_cash_flow": -1112000.0,
      "financing_cash_flow": 24827000.0,
      "investing_cash_flow": -20206000.0,
      "dividends_paid": null,
      "change_in_cash": null
    }
  },
  "2024-09-30": {
    "income_statement": {
      "total_revenue": 28075000.0,
      "net_interest_income": 2149000.0,
      "net_income": -25590000.0,
      "gross_profit": 10754000.0,
      "operating_income": -27508000.0,
      "ebitda": -21624000.0,
      "research_development": 15127000.0,
      "selling_general_admin": 15938000.0,
      "interest_expense": 342000.0,
      "income_before_tax": -25627000.0
    },
    "balance_sheet": {
      "total_assets": 255226000.0,
      "total_current_assets": 200161000.0,
      "total_debt": 21937000.0,
      "short_term_debt": null,
      "long_term_debt": null,
      "total_current_liabilities": 64134000.0,
      "stockholders_equity": 171749000.0,
      "retained_earnings": -889334000.0,
      "cash_and_equivalents": 44388000.0,
      "inventory": 18625000.0,
      "accounts_receivable": 20602000.0
    },
    "cash_flow": {
      "operating_cash_flow": -3767000.0,
      "capital_expenditure": 566000.0,
      "free_cash_flow": -3201000.0,
      "financing_cash_flow": -29769000.0,
      "investing_cash_flow": 25789000.0,
      "dividends_paid": null,
      "change_in_cash": null
    }
  },
  "2024-06-30": {
    "income_statement": {
      "total_revenue": 26990000.0,
      "net_interest_income": 2251000.0,
      "net_income": -23869000.0,
      "gross_profit": 9098000.0,
      "operating_income": -25250000.0,
      "ebitda": -19265000.0,
      "research_development": 14432000.0,
      "selling_general_admin": 13166000.0,
      "interest_expense": 740000.0,
      "income_before_tax": -23746000.0
    },
    "balance_sheet": {
      "total_assets": 309875000.0,
      "total_current_assets": 251996000.0,
      "total_debt": 67475000.0,
      "short_term_debt": null,
      "long_term_debt": 43973000.0,
      "total_current_liabilities": 74071000.0,
      "stockholders_equity": 170610000.0,
      "retained_earnings": -863744000.0,
      "cash_and_equivalents": 53113000.0,
      "inventory": 19453000.0,
      "accounts_receivable": 39911000.0
    },
    "cash_flow": {
      "operating_cash_flow": -21644000.0,
      "capital_expenditure": 359000.0,
      "free_cash_flow": -21285000.0,
      "financing_cash_flow": 16682000.0,
      "investing_cash_flow": 9538000.0,
      "dividends_paid": null,
      "change_in_cash": null
    }
  },
  "2024-03-31": {
    "income_statement": {
      "total_revenue": 25944000.0,
      "net_interest_income": 2651000.0,
      "net_income": -23849000.0,
      "gross_profit": 5718000.0,
      "operating_income": -25821000.0,
      "ebitda": -18930000.0,
      "research_development": 13094000.0,
      "selling_general_admin": 12580000.0,
      "interest_expense": 741000.0,
      "income_before_tax": -23718000.0
    },
    "balance_sheet": {
      "total_assets": 317683000.0,
      "total_current_assets": 256478000.0,
      "total_debt": 68404000.0,
      "short_term_debt": null,
      "long_term_debt": 43973000.0,
      "total_current_liabilities": 83079000.0,
      "stockholders_equity": 167232000.0,
      "retained_earnings": -839875000.0,
      "cash_and_equivalents": 48834000.0,
      "inventory": 21070000.0,
      "accounts_receivable": 38862000.0
    },
    "cash_flow": {
      "operating_cash_flow": -5722000.0,
      "capital_expenditure": 1382000.0,
      "free_cash_flow": -4340000.0,
      "financing_cash_flow": 3653000.0,
      "investing_cash_flow": -469000.0,
      "dividends_paid": null,
      "change_in_cash": null
    }
  },
  "2023-12-31": {
    "income_statement": {
      "total_revenue": 24444000.0,
      "net_interest_income": 2579000.0,
      "net_income": -38995000.0,
      "gross_profit": 5481000.0,
      "operating_income": -29370000.0,
      "ebitda": -30631000.0,
      "research_development": 9900000.0,
      "selling_general_admin": 18545000.0,
      "interest_expense": 4081000.0,
      "income_before_tax": -38821000.0
    },
    "balance_sheet": {
      "total_assets": 330743000.0,
      "total_current_assets": 263157000.0,
      "total_debt": 69898000.0,
      "short_term_debt": null,
      "long_term_debt": 43975000.0,
      "total_current_liabilities": 81692000.0,
      "stockholders_equity": 179672000.0,
      "retained_earnings": -816026000.0,
      "cash_and_equivalents": 51543000.0,
      "inventory": 23232000.0,
      "accounts_receivable": 39980000.0
    },
    "cash_flow": {
      "operating_cash_flow": -24187000.0,
      "capital_expenditure": 373000.0,
      "free_cash_flow": -23814000.0,
      "financing_cash_flow": 12272000.0,
      "investing_cash_flow": -12923000.0,
      "dividends_paid": null,
      "change_in_cash": null
    }
  },
  "2023-09-30": {
    "income_statement": {
      "total_revenue": 22209000.0,
      "net_interest_income": 2495000.0,
      "net_income": -35102000.0,
      "gross_profit": 3093000.0,
      "operating_income": -35742000.0,
      "ebitda": -28319000.0,
      "research_development": 16678000.0,
      "selling_general_admin": 14270000.0,
      "interest_expense": 1825000.0,
      "income_before_tax": -35085000.0
    },
    "balance_sheet": {
      "total_assets": 321831000.0,
      "total_current_assets": 252887000.0,
      "total_debt": 67876000.0,
      "short_term_debt": null,
      "long_term_debt": 40422000.0,
      "total_current_liabilities": 61579000.0,
      "stockholders_equity": 194047000.0,
      "retained_earnings": -777031000.0,
      "cash_and_equivalents": 75585000.0,
      "inventory": 26474000.0,
      "accounts_receivable": 13404000.0
    },
    "cash_flow": {
      "operating_cash_flow": -27225000.0,
      "capital_expenditure": 660000.0,
      "free_cash_flow": -26565000.0,
      "financing_cash_flow": 2925000.0,
      "investing_cash_flow": 8873000.0,
      "dividends_paid": null,
      "change_in_cash": null
    }
  },
  "2023-06-30": {
    "income_statement": {
      "total_revenue": 19396000.0,
      "net_interest_income": 2245000.0,
      "net_income": -122733000.0,
      "gross_profit": 186000.0,
      "operating_income": -123035000.0,
      "ebitda": -115609000.0,
      "research_development": 26447000.0,
      "selling_general_admin": 17842000.0,
      "interest_expense": 1728000.0,
      "income_before_tax": -122683000.0
    },
    "balance_sheet": {
      "total_assets": 353785000.0,
      "total_current_assets": 280424000.0,
      "total_debt": 69907000.0,
      "short_term_debt": null,
      "long_term_debt": 40135000.0,
      "total_current_liabilities": 67232000.0,
      "stockholders_equity": 216991000.0,
      "retained_earnings": -741929000.0,
      "cash_and_equivalents": 91237000.0,
      "inventory": 27812000.0,
      "accounts_receivable": 15106000.0
    },
    "cash_flow": {
      "operating_cash_flow": -33466000.0,
      "capital_expenditure": 967000.0,
      "free_cash_flow": -32499000.0,
      "financing_cash_flow": 442000.0,
      "investing_cash_flow": 8374000.0,
      "dividends_paid": null,
      "change_in_cash": -24650000.0
    }
  },
  "2023-03-31": {
    "income_statement": {
      "total_revenue": 17230000.0,
      "net_interest_income": 1719000.0,
      "net_income": -177280000.0,
      "gross_profit": -376000.0,
      "operating_income": -177102000.0,
      "ebitda": -168058000.0,
      "research_development": 32459000.0,
      "selling_general_admin": 31325000.0,
      "interest_expense": 1669000.0,
      "income_before_tax": -176998000.0
    },
    "balance_sheet": {
      "total_assets": 463998000.0,
      "total_current_assets": 319522000.0,
      "total_debt": 71165000.0,
      "short_term_debt": null,
      "long_term_debt": 39853000.0,
      "total_current_liabilities": 72686000.0,
      "stockholders_equity": 322736000.0,
      "retained_earnings": -619196000.0,
      "cash_and_equivalents": 115827000.0,
      "inventory": 28726000.0,
      "accounts_receivable": 22848000.0
    },
    "cash_flow": {
      "operating_cash_flow": -53012000.0,
      "capital_expenditure": 1006000.0,
      "free_cash_flow": -52006000.0,
      "financing_cash_flow": 18000.0,
      "investing_cash_flow": 46277000.0,
      "dividends_paid": null,
      "change_in_cash": -6717000.0
    }
  },
  "2022-12-31": {
    "income_statement": {
      "total_revenue": 10938000.0,
      "net_interest_income": 977000.0,
      "net_income": -42176000.0,
      "gross_profit": 1841000.0,
      "operating_income": -42001000.0,
      "ebitda": -38055000.0,
      "research_development": 15306000.0,
      "selling_general_admin": 20897000.0,
      "interest_expense": 1551000.0,
      "income_before_tax": -41992000.0
    },
    "balance_sheet": {
      "total_assets": 256137000.0,
      "total_current_assets": 162498000.0,
      "total_debt": 56195000.0,
      "short_term_debt": null,
      "long_term_debt": 39574000.0,
      "total_current_liabilities": 29492000.0,
      "stockholders_equity": 171619000.0,
      "retained_earnings": -441916000.0,
      "cash_and_equivalents": 122932000.0,
      "inventory": 19533000.0,
      "accounts_receivable": 13759000.0
    },
    "cash_flow": {
      "operating_cash_flow": -27400000.0,
      "capital_expenditure": 3069000.0,
      "free_cash_flow": -24331000.0,
      "financing_cash_flow": 20188000.0,
      "investing_cash_flow": -3069000.0,
      "dividends_paid": 20000000.0,
      "change_in_cash": -10281000.0
    }
  },
  "2022-09-30": {
    "income_statement": {
      "total_revenue": 11204000.0,
      "net_interest_income": 733000.0,
      "net_income": -35987000.0,
      "gross_profit": 3716000.0,
      "operating_income": -36045000.0,
      "ebitda": -32203000.0,
      "research_development": 17212000.0,
      "selling_general_admin": 14008000.0,
      "interest_expense": 699000.0,
      "income_before_tax": -35950000.0
    },
    "balance_sheet": {
      "total_assets": 266274000.0,
      "total_current_assets": 171949000.0,
      "total_debt": 36596000.0,
      "short_term_debt": null,
      "long_term_debt": 19181000.0,
      "total_current_liabilities": 25676000.0,
      "stockholders_equity": 205292000.0,
      "retained_earnings": -399740000.0,
      "cash_and_equivalents": 133189000.0,
      "inventory": 20804000.0,
      "accounts_receivable": 10783000.0
    },
    "cash_flow": {
      "operating_cash_flow": -27897000.0,
      "capital_expenditure": 1076000.0,
      "free_cash_flow": -26821000.0,
      "financing_cash_flow": 1815000.0,
      "investing_cash_flow": -1076000.0,
      "dividends_paid": null,
      "change_in_cash": -27158000.0
    }
  },
  "2022-06-30": {
    "income_statement": {
      "total_revenue": 10329000.0,
      "net_interest_income": 344000.0,
      "net_income": -28000000.0,
      "gross_profit": 2782000.0,
      "operating_income": -33189000.0,
      "ebitda": -24451000.0,
      "research_development": 15893000.0,
      "selling_general_admin": 12515000.0,
      "interest_expense": 444000.0,
      "income_before_tax": -27963000.0
    },
    "balance_sheet": {
      "total_assets": 290550000.0,
      "total_current_assets": 194786000.0,
      "total_debt": 37377000.0,
      "short_term_debt": null,
      "long_term_debt": 19119000.0,
      "total_current_liabilities": 23412000.0,
      "stockholders_equity": 230971000.0,
      "retained_earnings": -363753000.0,
      "cash_and_equivalents": 159707000.0,
      "inventory": 17181000.0,
      "accounts_receivable": 12384000.0
    },
    "cash_flow": {
      "operating_cash_flow": -33566000.0,
      "capital_expenditure": 861000.0,
      "free_cash_flow": -32705000.0,
      "financing_cash_flow": 33480000.0,
      "investing_cash_flow": -861000.0,
      "dividends_paid": null,
      "change_in_cash": -947000.0
    }
  },
  "2022-03-31": {
    "income_statement": {
      "total_revenue": 8558000.0,
      "net_interest_income": 154000.0,
      "net_income": -32397000.0,
      "gross_profit": 2591000.0,
      "operating_income": -34188000.0,
      "ebitda": -29321000.0,
      "research_development": 15906000.0,
      "selling_general_admin": 13783000.0,
      "interest_expense": 1838000.0,
      "income_before_tax": -32350000.0
    },
    "balance_sheet": {
      "total_assets": 283909000.0,
      "total_current_assets": 186266000.0,
      "total_debt": 18573000.0,
      "short_term_debt": null,
      "long_term_debt": null,
      "total_current_liabilities": 24146000.0,
      "stockholders_equity": 237179000.0,
      "retained_earnings": -335753000.0,
      "cash_and_equivalents": 160783000.0,
      "inventory": 11619000.0,
      "accounts_receivable": 9881000.0
    },
    "cash_flow": {
      "operating_cash_flow": -21827000.0,
      "capital_expenditure": 416000.0,
      "free_cash_flow": -21411000.0,
      "financing_cash_flow": 119000.0,
      "investing_cash_flow": -141000.0,
      "dividends_paid": null,
      "change_in_cash": -21849000.0
    }
  },
  "2021-12-31": {
    "income_statement": {
      "total_revenue": 11852000.0,
      "net_interest_income": 166000.0,
      "net_income": -28344000.0,
      "gross_profit": 3572000.0,
      "operating_income": -34694000.0,
      "ebitda": -29089000.0,
      "research_development": 15003000.0,
      "selling_general_admin": 15782000.0,
      "interest_expense": 1008000.0,
      "income_before_tax": -31138000.0
    },
    "balance_sheet": {
      "total_assets": 307702000.0,
      "total_current_assets": 207358000.0,
      "total_debt": 19275000.0,
      "short_term_debt": null,
      "long_term_debt": null,
      "total_current_liabilities": 22103000.0,
      "stockholders_equity": 260700000.0,
      "retained_earnings": -303356000.0,
      "cash_and_equivalents": 182644000.0,
      "inventory": 7448000.0,
      "accounts_receivable": 10723000.0
    },
    "cash_flow": {
      "operating_cash_flow": -25451000.0,
      "capital_expenditure": 2509000.0,
      "free_cash_flow": -22942000.0,
      "financing_cash_flow": -26000.0,
      "investing_cash_flow": -13455000.0,
      "dividends_paid": 302916000.0,
      "change_in_cash": -38932000.0
    }
  },
  "2021-09-30": {
    "income_statement": {
      "total_revenue": 7755000.0,
      "net_interest_income": 165000.0,
      "net_income": -12669000.0,
      "gross_profit": 1876000.0,
      "operating_income": -27324000.0,
      "ebitda": -11250000.0,
      "research_development": 8390000.0,
      "selling_general_admin": 14073000.0,
      "interest_expense": 165000.0,
      "income_before_tax": -12669000.0
    },
    "balance_sheet": {
      "total_assets": 261273000.0,
      "total_current_assets": 242079000.0,
      "total_debt": 12910000.0,
      "short_term_debt": null,
      "long_term_debt": null,
      "total_current_liabilities": 18956000.0,
      "stockholders_equity": 220580000.0,
      "retained_earnings": -275012000.0,
      "cash_and_equivalents": 221576000.0,
      "inventory": 6502000.0,
      "accounts_receivable": 6705000.0
    },
    "cash_flow": {
      "operating_cash_flow": -16760000.0,
      "capital_expenditure": 1115000.0,
      "free_cash_flow": -15645000.0,
      "financing_cash_flow": 35000.0,
      "investing_cash_flow": -1115000.0,
      "dividends_paid": null,
      "change_in_cash": -17840000.0
    }
  },
  "2021-06-30": {
    "income_statement": {
      "total_revenue": 7360000.0,
      "net_interest_income": 139000.0,
      "net_income": -32011000.0,
      "gross_profit": 1895000.0,
      "operating_income": -21390000.0,
      "ebitda": -30325000.0,
      "research_development": 6474000.0,
      "selling_general_admin": 12197000.0,
      "interest_expense": 0.0,
      "income_before_tax": -32011000.0
    },
    "balance_sheet": {
      "total_assets": 275773000.0,
      "total_current_assets": 256183000.0,
      "total_debt": 13317000.0,
      "short_term_debt": null,
      "long_term_debt": null,
      "total_current_liabilities": 12979000.0,
      "stockholders_equity": 226002000.0,
      "retained_earnings": -262343000.0,
      "cash_and_equivalents": 240148000.0,
      "inventory": 4721000.0,
      "accounts_receivable": 4671000.0
    },
    "cash_flow": {
      "operating_cash_flow": -15947000.0,
      "capital_expenditure": 62000.0,
      "free_cash_flow": -15885000.0,
      "financing_cash_flow": -1008000.0,
      "investing_cash_flow": -62000.0,
      "dividends_paid": null,
      "change_in_cash": -17017000.0
    }
  },
  "2021-03-31": {
    "income_statement": {
      "total_revenue": 6611000.0,
      "net_interest_income": 503000.0,
      "net_income": -20957000.0,
      "gross_profit": 1743000.0,
      "operating_income": -16302000.0,
      "ebitda": -18838000.0,
      "research_development": 4712000.0,
      "selling_general_admin": 9907000.0,
      "interest_expense": 504000.0,
      "income_before_tax": -20957000.0
    },
    "balance_sheet": {
      "total_assets": 290016000.0,
      "total_current_assets": 269298000.0,
      "total_debt": 14002000.0,
      "short_term_debt": null,
      "long_term_debt": null,
      "total_current_liabilities": 11411000.0,
      "stockholders_equity": 251755000.0,
      "retained_earnings": -230332000.0,
      "cash_and_equivalents": 257165000.0,
      "inventory": 5293000.0,
      "accounts_receivable": 2467000.0
    },
    "cash_flow": {
      "operating_cash_flow": -12399000.0,
      "capital_expenditure": 597000.0,
      "free_cash_flow": -11802000.0,
      "financing_cash_flow": 258799000.0,
      "investing_cash_flow": -597000.0,
      "dividends_paid": 285950000.0,
      "change_in_cash": 245803000.0
    }
  },
  "2020-12-31": {
    "income_statement": {
      "total_revenue": 6376000.0,
      "net_interest_income": 0.0,
      "net_income": -57160000.0,
      "gross_profit": 1973000.0,
      "operating_income": -14113000.0,
      "ebitda": -51453171.0,
      "research_development": 4289000.0,
      "selling_general_admin": 9104000.0,
      "interest_expense": 321000.0,
      "income_before_tax": -56785000.0
    },
    "balance_sheet": {
      "total_assets": 46414000.0,
      "total_current_assets": 21223000.0,
      "total_debt": 21810000.0,
      "short_term_debt": null,
      "long_term_debt": null,
      "total_current_liabilities": 20917000.0,
      "stockholders_equity": -75907000.0,
      "retained_earnings": -209375000.0,
      "cash_and_equivalents": 11362000.0,
      "inventory": 4817000.0,
      "accounts_receivable": 2327000.0
    },
    "cash_flow": {
      "operating_cash_flow": -7486000.0,
      "capital_expenditure": 1115000.0,
      "free_cash_flow": -6371000.0,
      "financing_cash_flow": 1320000.0,
      "investing_cash_flow": -1115000.0,
      "dividends_paid": null,
      "change_in_cash": null
    }
  },
  "2020-09-30": {
    "income_statement": {
      "total_revenue": 5947000.0,
      "net_interest_income": 1000.0,
      "net_income": -19615000.0,
      "gross_profit": 1063000.0,
      "operating_income": -14719000.0,
      "ebitda": -13739000.0,
      "research_development": 8876000.0,
      "selling_general_admin": 4512000.0,
      "interest_expense": 521000.0,
      "income_before_tax": -19615000.0
    },
    "balance_sheet": {
      "total_assets": 50878000.0,
      "total_current_assets": 27969000.0,
      "total_debt": 19507000.0,
      "short_term_debt": null,
      "long_term_debt": null,
      "total_current_liabilities": 8802000.0,
      "stockholders_equity": 15601000.0,
      "retained_earnings": -152215000.0,
      "cash_and_equivalents": 18367000.0,
      "inventory": 5376000.0,
      "accounts_receivable": 3004000.0
    },
    "cash_flow": {
      "operating_cash_flow": -10362000.0,
      "capital_expenditure": 619000.0,
      "free_cash_flow": -9743000.0,
      "financing_cash_flow": 17910000.0,
      "investing_cash_flow": -619000.0,
      "dividends_paid": null,
      "change_in_cash": null
    }
  },
  "2020-06-30": {
    "income_statement": {
      "total_revenue": 4281000.0,
      "net_interest_income": 1000.0,
      "net_income": -11312000.0,
      "gross_profit": 393000.0,
      "operating_income": -10648000.0,
      "ebitda": -9745000.0,
      "research_development": 5678000.0,
      "selling_general_admin": 3678000.0,
      "interest_expense": 398000.0,
      "income_before_tax": -11312000.0
    },
    "balance_sheet": {
      "total_assets": null,
      "total_current_assets": null,
      "total_debt": null,
      "short_term_debt": null,
      "long_term_debt": null,
      "total_current_liabilities": null,
      "stockholders_equity": null,
      "retained_earnings": null,
      "cash_and_equivalents": null,
      "inventory": null,
      "accounts_receivable": null
    },
    "cash_flow": {
      "operating_cash_flow": -12435000.0,
      "capital_expenditure": 382000.0,
      "free_cash_flow": -12053000.0,
      "financing_cash_flow": 20631000.0,
      "investing_cash_flow": -382000.0,
      "dividends_paid": null,
      "change_in_cash": null
    }
  }
}