{
  "2025-06-30": {
    "income_statement": {
      "total_revenue": 1080677000.0,
      "net_interest_income": 48844000.0,
      "net_income": -278375000.0,
      "gross_profit": 844564000.0,
      "operating_income": -322460000.0,
      "ebitda": -322460000.0,
      "research_development": 384996000.0,
      "selling_general_admin": 729221000.0,
      "interest_expense": -10342000.0,
      "income_before_tax": -278827000.0
    },
    "balance_sheet": {
      "total_assets": 7845571000.0,
      "total_current_assets": 3946623000.0,
      "total_debt": 641132000.0,
      "short_term_debt": null,
      "long_term_debt": 992377000.0,
      "total_current_liabilities": 4058580000.0,
      "stockholders_equity": 353221000.0,
      "retained_earnings": -4489068000.0,
      "cash_and_equivalents": 994570000.0,
      "inventory": null,
      "accounts_receivable": 524488000.0
    },
    "cash_flow": {
      "operating_cash_flow": 199262000.0,
      "capital_expenditure": 22610000.0,
      "free_cash_flow": 221872000.0,
      "financing_cash_flow": 27161000.0,
      "investing_cash_flow": -394367000.0,
      "dividends_paid": null,
      "change_in_cash": null
    }
  },
  "2025-03-31": {
    "income_statement": {
      "total_revenue": 1035207000.0,
      "net_interest_income": 46323000.0,
      "net_income": -215056000.0,
      "gross_profit": 810482000.0,
      "operating_income": -254709000.0,
      "ebitda": -151744000.0,
      "research_development": 374600000.0,
      "selling_general_admin": 119132000.0,
      "interest_expense": 10350000.0,
      "income_before_tax": -215477000.0
    },
    "balance_sheet": {
      "total_assets": 7452249000.0,
      "total_current_assets": 3891641000.0,
      "total_debt": 1805182000.0,
      "short_term_debt": null,
      "long_term_debt": 1006722000.0,
      "total_current_liabilities": 3819653000.0,
      "stockholders_equity": 310687000.0,
      "retained_earnings": -4210693000.0,
      "cash_and_equivalents": 1158680000.0,
      "inventory": null,
      "accounts_receivable": 425186000.0
    },
    "cash_flow": {
      "operating_cash_flow": 443914000.0,
      "capital_expenditure": 17365000.0,
      "free_cash_flow": 461279000.0,
      "financing_cash_flow": 36531000.0,
      "investing_cash_flow": -35291000.0,
      "dividends_paid": null,
      "change_in_cash": null
    }
  },
  "2024-12-31": {
    "income_statement": {
      "total_revenue": 988183000.0,
      "net_interest_income": 46260000.0,
      "net_income": -219573000.0,
      "gross_profit": 769442000.0,
      "operating_income": -244112000.0,
      "ebitda": -157110000.0,
      "research_development": 355034000.0,
      "selling_general_admin": 105323000.0,
      "interest_expense": 10331000.0,
      "income_before_tax": -218404000.0
    },
    "balance_sheet": {
      "total_assets": 7175003000.0,
      "total_current_assets": 3728030000.0,
      "total_debt": 1805279000.0,
      "short_term_debt": null,
      "long_term_debt": 1006371000.0,
      "total_current_liabilities": 3663208000.0,
      "stockholders_equity": 221446000.0,
      "retained_earnings": -3995637000.0,
      "cash_and_equivalents": 711683000.0,
      "inventory": null,
      "accounts_receivable": 614838000.0
    },
    "cash_flow": {
      "operating_cash_flow": 184491000.0,
      "capital_expenditure": 63860000.0,
      "free_cash_flow": 248351000.0,
      "financing_cash_flow": 13148000.0,
      "investing_cash_flow": -84512000.0,
      "dividends_paid": null,
      "change_in_cash": null
    }
  },
  "2024-09-30": {
    "income_statement": {
      "total_revenue": 918953000.0,
      "net_interest_income": 46718000.0,
      "net_income": -239324000.0,
      "gross_profit": 713955000.0,
      "operating_income": -278928000.0,
      "ebitda": -161589000.0,
      "research_development": 365424000.0,
      "selling_general_admin": 98733000.0,
      "interest_expense": 10286000.0,
      "income_before_tax": -240144000.0
    },
    "balance_sheet": {
      "total_assets": 6687962000.0,
      "total_current_assets": 3368162000.0,
      "total_debt": 1626280000.0,
      "short_term_debt": null,
      "long_term_debt": 1006023000.0,
      "total_current_liabilities": 3439203000.0,
      "stockholders_equity": 189905000.0,
      "retained_earnings": -3776064000.0,
      "cash_and_equivalents": 602631000.0,
      "inventory": null,
      "accounts_receivable": 401856000.0
    },
    "cash_flow": {
      "operating_cash_flow": 247430000.0,
      "capital_expenditure": 29405000.0,
      "free_cash_flow": 276835000.0,
      "financing_cash_flow": 19949000.0,
      "investing_cash_flow": -633653000.0,
      "dividends_paid": null,
      "change_in_cash": null
    }
  },
  "2024-06-30": {
    "income_statement": {
      "total_revenue": 893543000.0,
      "net_interest_income": 44383000.0,
      "net_income": -205883000.0,
      "gross_profit": 694986000.0,
      "operating_income": -237949000.0,
      "ebitda": -144109000.0,
      "research_development": 361684000.0,
      "selling_general_admin": 105627000.0,
      "interest_expense": 10204000.0,
      "income_before_tax": -207085000.0
    },
    "balance_sheet": {
      "total_assets": 6470516000.0,
      "total_current_assets": 2845004000.0,
      "total_debt": 1848655000.0,
      "short_term_debt": null,
      "long_term_debt": 1005679000.0,
      "total_current_liabilities": 3301092000.0,
      "stockholders_equity": 121506000.0,
      "retained_earnings": -3536740000.0,
      "cash_and_equivalents": 966406000.0,
      "inventory": null,
      "accounts_receivable": 364597000.0
    },
    "cash_flow": {
      "operating_cash_flow": 151449000.0,
      "capital_expenditure": 39701000.0,
      "free_cash_flow": 191150000.0,
      "financing_cash_flow": 4577000.0,
      "investing_cash_flow": -55323000.0,
      "dividends_paid": null,
      "change_in_cash": null
    }
  },
  "2024-03-31": {
    "income_statement": {
      "total_revenue": 801300000.0,
      "net_interest_income": 42170000.0,
      "net_income": -270604000.0,
      "gross_profit": 622434000.0,
      "operating_income": -302328000.0,
      "ebitda": -207438000.0,
      "research_development": 362065000.0,
      "selling_general_admin": 97824000.0,
      "interest_expense": 10363000.0,
      "income_before_tax": -270867000.0
    },
    "balance_sheet": {
      "total_assets": 6314671000.0,
      "total_current_assets": 2830447000.0,
      "total_debt": 1821928000.0,
      "short_term_debt": null,
      "long_term_debt": 1005338000.0,
      "total_current_liabilities": 3128742000.0,
      "stockholders_equity": 71601000.0,
      "retained_earnings": -3330857000.0,
      "cash_and_equivalents": 866414000.0,
      "inventory": null,
      "accounts_receivable": 346905000.0
    },
    "cash_flow": {
      "operating_cash_flow": 238946000.0,
      "capital_expenditure": 46680000.0,
      "free_cash_flow": 285626000.0,
      "financing_cash_flow": 28220000.0,
      "investing_cash_flow": -78584000.0,
      "dividends_paid": null,
      "change_in_cash": null
    }
  },
  "2023-12-31": {
    "income_statement": {
      "total_revenue": 749939000.0,
      "net_interest_income": 39530000.0,
      "net_income": -323698000.0,
      "gross_profit": 578275000.0,
      "operating_income": -355193000.0,
      "ebitda": -260568000.0,
      "research_development": 341129000.0,
      "selling_general_admin": 98776000.0,
      "interest_expense": 10298000.0,
      "income_before_tax": -325063000.0
    },
    "balance_sheet": {
      "total_assets": 6168078000.0,
      "total_current_assets": 2773592000.0,
      "total_debt": 1651506000.0,
      "short_term_debt": null,
      "long_term_debt": 1005000000.0,
      "total_current_liabilities": 3052366000.0,
      "stockholders_equity": 76290000.0,
      "retained_earnings": -3060253000.0,
      "cash_and_equivalents": 678466000.0,
      "inventory": null,
      "accounts_receivable": 505769000.0
    },
    "cash_flow": {
      "operating_cash_flow": 143305000.0,
      "capital_expenditure": 65197000.0,
      "free_cash_flow": 208502000.0,
      "financing_cash_flow": 5910000.0,
      "investing_cash_flow": -51135000.0,
      "dividends_paid": null,
      "change_in_cash": null
    }
  },
  "2023-09-30": {
    "income_statement": {
      "total_revenue": 713225000.0,
      "net_interest_income": 36442000.0,
      "net_income": -277158000.0,
      "gross_profit": 549644000.0,
      "operating_income": -300038000.0,
      "ebitda": -214589000.0,
      "research_development": 321613000.0,
      "selling_general_admin": 97508000.0,
      "interest_expense": 10268000.0,
      "income_before_tax": -278126000.0
    },
    "balance_sheet": {
      "total_assets": 5754130000.0,
      "total_current_assets": 2969456000.0,
      "total_debt": 1634422000.0,
      "short_term_debt": null,
      "long_term_debt": 1004666000.0,
      "total_current_liabilities": 2795135000.0,
      "stockholders_equity": 125786000.0,
      "retained_earnings": -2736555000.0,
      "cash_and_equivalents": 580049000.0,
      "inventory": 462795000.0,
      "accounts_receivable": 285315000.0
    },
    "cash_flow": {
      "operating_cash_flow": 112704000.0,
      "capital_expenditure": 53196000.0,
      "free_cash_flow": 165900000.0,
      "financing_cash_flow": 16209000.0,
      "investing_cash_flow": -68719000.0,
      "dividends_paid": null,
      "change_in_cash": null
    }
  },
  "2023-06-30": {
    "income_statement": {
      "total_revenue": 680766000.0,
      "net_interest_income": 34764000.0,
      "net_income": -282777000.0,
      "gross_profit": 518737000.0,
      "operating_income": -313989000.0,
      "ebitda": -223676000.0,
      "research_development": 315319000.0,
      "selling_general_admin": 96197000.0,
      "interest_expense": 10129000.0,
      "income_before_tax": -286077000.0
    },
    "balance_sheet": {
      "total_assets": 5599277000.0,
      "total_current_assets": 2894290000.0,
      "total_debt": 1738829000.0,
      "short_term_debt": null,
      "long_term_debt": 1004335000.0,
      "total_current_liabilities": 2626693000.0,
      "stockholders_equity": 168497000.0,
      "retained_earnings": -2459397000.0,
      "cash_and_equivalents": 520264000.0,
      "inventory": 497372000.0,
      "accounts_receivable": 268387000.0
    },
    "cash_flow": {
      "operating_cash_flow": 28390000.0,
      "capital_expenditure": 123915000.0,
      "free_cash_flow": 152305000.0,
      "financing_cash_flow": 20335000.0,
      "investing_cash_flow": -357465000.0,
      "dividends_paid": null,
      "change_in_cash": -308740000.0
    }
  },
  "2023-03-31": {
    "income_statement": {
      "total_revenue": 655344000.0,
      "net_interest_income": 31082000.0,
      "net_income": -268313000.0,
      "gross_profit": 503503000.0,
      "operating_income": -289847000.0,
      "ebitda": -212117000.0,
      "research_development": 275537000.0,
      "selling_general_admin": 97574000.0,
      "interest_expense": 10012000.0,
      "income_before_tax": -269217000.0
    },
    "balance_sheet": {
      "total_assets": 5471460000.0,
      "total_current_assets": 3018072000.0,
      "total_debt": 1456495000.0,
      "short_term_debt": null,
      "long_term_debt": 989308000.0,
      "total_current_liabilities": 2633740000.0,
      "stockholders_equity": 247842000.0,
      "retained_earnings": -2176620000.0,
      "cash_and_equivalents": 828129000.0,
      "inventory": 435528000.0,
      "accounts_receivable": 265246000.0
    },
    "cash_flow": {
      "operating_cash_flow": 173781000.0,
      "capital_expenditure": 91859000.0,
      "free_cash_flow": 265640000.0,
      "financing_cash_flow": 24722000.0,
      "investing_cash_flow": -2347780000.0,
      "dividends_paid": null,
      "change_in_cash": -2149277000.0
    }
  },
  "2022-12-31": {
    "income_statement": {
      "total_revenue": 579004000.0,
      "net_interest_income": 21636000.0,
      "net_income": -289926000.0,
      "gross_profit": 436572000.0,
      "operating_income": -301899000.0,
      "ebitda": -236059000.0,
      "research_development": 248407000.0,
      "selling_general_admin": 79704000.0,
      "interest_expense": 10008000.0,
      "income_before_tax": -288283000.0
    },
    "balance_sheet": {
      "total_assets": 5375487000.0,
      "total_current_assets": 3838604000.0,
      "total_debt": 1556809000.0,
      "short_term_debt": null,
      "long_term_debt": 988984000.0,
      "total_current_liabilities": 2480835000.0,
      "stockholders_equity": 306026000.0,
      "retained_earnings": -1908307000.0,
      "cash_and_equivalents": 2977474000.0,
      "inventory": 465309000.0,
      "accounts_receivable": 379353000.0
    },
    "cash_flow": {
      "operating_cash_flow": 119219000.0,
      "capital_expenditure": 157205000.0,
      "free_cash_flow": 276424000.0,
      "financing_cash_flow": 1810000.0,
      "investing_cash_flow": -164428000.0,
      "dividends_paid": null,
      "change_in_cash": null
    }
  },
  "2022-09-30": {
    "income_statement": {
      "total_revenue": 517707000.0,
      "net_interest_income": 12764000.0,
      "net_income": -297798000.0,
      "gross_profit": 391270000.0,
      "operating_income": -300007000.0,
      "ebitda": -257810000.0,
      "research_development": 235551000.0,
      "selling_general_admin": 81165000.0,
      "interest_expense": 10005000.0,
      "income_before_tax": -301550000.0
    },
    "balance_sheet": {
      "total_assets": 5038324000.0,
      "total_current_assets": 3668080000.0,
      "total_debt": 1479231000.0,
      "short_term_debt": null,
      "long_term_debt": 988663000.0,
      "total_current_liabilities": 2238158000.0,
      "stockholders_equity": 423717000.0,
      "retained_earnings": -1618381000.0,
      "cash_and_equivalents": 3021507000.0,
      "inventory": 447965000.0,
      "accounts_receivable": 185831000.0
    },
    "cash_flow": {
      "operating_cash_flow": 67144000.0,
      "capital_expenditure": 134856000.0,
      "free_cash_flow": 202000000.0,
      "financing_cash_flow": 12680000.0,
      "investing_cash_flow": -134856000.0,
      "dividends_paid": null,
      "change_in_cash": -55032000.0
    }
  },
  "2022-06-30": {
    "income_statement": {
      "total_revenue": 591207000.0,
      "net_interest_income": 4197000.0,
      "net_income": -176440000.0,
      "gross_profit": 448050000.0,
      "operating_income": -170267000.0,
      "ebitda": -140436000.0,
      "research_development": 211757000.0,
      "selling_general_admin": 78676000.0,
      "interest_expense": 9891000.0,
      "income_before_tax": -179012000.0
    },
    "balance_sheet": {
      "total_assets": 4919420000.0,
      "total_current_assets": 3725786000.0,
      "total_debt": 1443801000.0,
      "short_term_debt": null,
      "long_term_debt": 988345000.0,
      "total_current_liabilities": 2263539000.0,
      "stockholders_equity": 547088000.0,
      "retained_earnings": -1320583000.0,
      "cash_and_equivalents": 3075475000.0,
      "inventory": 448484000.0,
      "accounts_receivable": 186825000.0
    },
    "cash_flow": {
      "operating_cash_flow": 26497000.0,
      "capital_expenditure": 83812000.0,
      "free_cash_flow": 110309000.0,
      "financing_cash_flow": 5128000.0,
      "investing_cash_flow": -89977000.0,
      "dividends_paid": null,
      "change_in_cash": -58352000.0
    }
  },
  "2022-03-31": {
    "income_statement": {
      "total_revenue": 537134000.0,
      "net_interest_income": 245000.0,
      "net_income": -160202000.0,
      "gross_profit": 401502000.0,
      "operating_income": -151611000.0,
      "ebitda": -127559000.0,
      "research_development": 177762000.0,
      "selling_general_admin": 57772000.0,
      "interest_expense": 9999000.0,
      "income_before_tax": -161744000.0
    },
    "balance_sheet": {
      "total_assets": 4715831000.0,
      "total_current_assets": 3754013000.0,
      "total_debt": 1301198000.0,
      "short_term_debt": null,
      "long_term_debt": 988034000.0,
      "total_current_liabilities": 2174728000.0,
      "stockholders_equity": 561087000.0,
      "retained_earnings": -1144143000.0,
      "cash_and_equivalents": 3132964000.0,
      "inventory": 435742000.0,
      "accounts_receivable": 179732000.0
    },
    "cash_flow": {
      "operating_cash_flow": 156436000.0,
      "capital_expenditure": 51790000.0,
      "free_cash_flow": 208226000.0,
      "financing_cash_flow": 24024000.0,
      "investing_cash_flow": -51790000.0,
      "dividends_paid": null,
      "change_in_cash": 128670000.0
    }
  },
  "2021-12-31": {
    "income_statement": {
      "total_revenue": 568769000.0,
      "net_interest_income": 33000.0,
      "net_income": -143298000.0,
      "gross_profit": 416781000.0,
      "operating_income": -139650000.0,
      "ebitda": -119171000.0,
      "research_development": 173570000.0,
      "selling_general_admin": 59383000.0,
      "interest_expense": 6998000.0,
      "income_before_tax": -146601000.0
    },
    "balance_sheet": {
      "total_assets": 4560596000.0,
      "total_current_assets": 3749765000.0,
      "total_debt": 1182339000.0,
      "short_term_debt": null,
      "long_term_debt": 987723000.0,
      "total_current_liabilities": 2167092000.0,
      "stockholders_equity": 584817000.0,
      "retained_earnings": -983941000.0,
      "cash_and_equivalents": 3004300000.0,
      "inventory": 406025000.0,
      "accounts_receivable": 307349000.0
    },
    "cash_flow": {
      "operating_cash_flow": 122223000.0,
      "capital_expenditure": 44942000.0,
      "free_cash_flow": 167165000.0,
      "financing_cash_flow": 1001560000.0,
      "investing_cash_flow": -44942000.0,
      "dividends_paid": null,
      "change_in_cash": 1078741000.0
    }
  },
  "2021-09-30": {
    "income_statement": {
      "total_revenue": 509336000.0,
      "net_interest_income": 28000.0,
      "net_income": -74002000.0,
      "gross_profit": 379321000.0,
      "operating_income": -77446000.0,
      "ebitda": -59159000.0,
      "research_development": 138245000.0,
      "selling_general_admin": 51584000.0,
      "interest_expense": 28000.0,
      "income_before_tax": -78188000.0
    },
    "balance_sheet": {
      "total_assets": 3272280000.0,
      "total_current_assets": 2511599000.0,
      "total_debt": 196447000.0,
      "short_term_debt": null,
      "long_term_debt": null,
      "total_current_liabilities": 1917591000.0,
      "stockholders_equity": 593717000.0,
      "retained_earnings": -840643000.0,
      "cash_and_equivalents": 1925559000.0,
      "inventory": 379611000.0,
      "accounts_receivable": 168762000.0
    },
    "cash_flow": {
      "operating_cash_flow": 181166000.0,
      "capital_expenditure": 10563000.0,
      "free_cash_flow": 191729000.0,
      "financing_cash_flow": 20389000.0,
      "investing_cash_flow": -56255000.0,
      "dividends_paid": null,
      "change_in_cash": 145297000.0
    }
  },
  "2021-06-30": {
    "income_statement": {
      "total_revenue": 454100000.0,
      "net_interest_income": 26000.0,
      "net_income": -140134000.0,
      "gross_profit": 337170000.0,
      "operating_income": -142946000.0,
      "ebitda": -125120000.0,
      "research_development": 124748000.0,
      "selling_general_admin": 97678000.0,
      "interest_expense": 26000.0,
      "income_before_tax": -142910000.0
    },
    "balance_sheet": {
      "total_assets": 3073791000.0,
      "total_current_assets": 2394277000.0,
      "total_debt": 251716000.0,
      "short_term_debt": null,
      "long_term_debt": null,
      "total_current_liabilities": 1772011000.0,
      "stockholders_equity": 526690000.0,
      "retained_earnings": -766641000.0,
      "cash_and_equivalents": 1780262000.0,
      "inventory": 391780000.0,
      "accounts_receivable": 217010000.0
    },
    "cash_flow": {
      "operating_cash_flow": 191251000.0,
      "capital_expenditure": 23235000.0,
      "free_cash_flow": 214486000.0,
      "financing_cash_flow": 11668000.0,
      "investing_cash_flow": -23235000.0,
      "dividends_paid": null,
      "change_in_cash": 179732000.0
    }
  },
  "2021-03-31": {
    "income_statement": {
      "total_revenue": 386976000.0,
      "net_interest_income": 5000.0,
      "net_income": -134217000.0,
      "gross_profit": 289039000.0,
      "operating_income": -135056000.0,
      "ebitda": -119481000.0,
      "research_development": 96644000.0,
      "selling_general_admin": 94375000.0,
      "interest_expense": 5000.0,
      "income_before_tax": -136101000.0
    },
    "balance_sheet": {
      "total_assets": 2816079000.0,
      "total_current_assets": 2172834000.0,
      "total_debt": 184721000.0,
      "short_term_debt": null,
      "long_term_debt": null,
      "total_current_liabilities": 1510355000.0,
      "stockholders_equity": 573473000.0,
      "retained_earnings": -626507000.0,
      "cash_and_equivalents": 1600530000.0,
      "inventory": 309388000.0,
      "accounts_receivable": 233781000.0
    },
    "cash_flow": {
      "operating_cash_flow": 164469000.0,
      "capital_expenditure": 22389000.0,
      "free_cash_flow": 186858000.0,
      "financing_cash_flow": 564507000.0,
      "investing_cash_flow": -22389000.0,
      "dividends_paid": null,
      "change_in_cash": 706587000.0
    }
  },
  "2020-12-31": {
    "income_statement": {
      "total_revenue": 310009000.0,
      "net_interest_income": 64000.0,
      "net_income": -58741000.0,
      "gross_profit": 231391000.0,
      "operating_income": -68607000.0,
      "ebitda": -55031000.0,
      "research_development": 60067000.0,
      "selling_general_admin": 31908000.0,
      "interest_expense": null,
      "income_before_tax": -67218000.0
    },
    "balance_sheet": {
      "total_assets": 1847800000.0,
      "total_current_assets": 1424131000.0,
      "total_debt": null,
      "short_term_debt": null,
      "long_term_debt": null,
      "total_current_liabilities": 1228546000.0,
      "stockholders_equity": -252388000.0,
      "retained_earnings": -492290000.0,
      "cash_and_equivalents": 893943000.0,
      "inventory": 274534000.0,
      "accounts_receivable": 246986000.0
    },
    "cash_flow": {
      "operating_cash_flow": 179004000.0,
      "capital_expenditure": 60407000.0,
      "free_cash_flow": 239411000.0,
      "financing_cash_flow": 5502000.0,
      "investing_cash_flow": -92326000.0,
      "dividends_paid": null,
      "change_in_cash": null
    }
  },
  "2020-09-30": {
    "income_statement": {
      "total_revenue": 251914000.0,
      "net_interest_income": 217000.0,
      "net_income": -48613000.0,
      "gross_profit": 186096000.0,
      "operating_income": -51518000.0,
      "ebitda": -40138000.0,
      "research_development": 51708000.0,
      "selling_general_admin": 16168000.0,
      "interest_expense": null,
      "income_before_tax": -49995000.0
    },
    "balance_sheet": {
      "total_assets": 1470031000.0,
      "total_current_assets": 1197446000.0,
      "total_debt": null,
      "short_term_debt": null,
      "long_term_debt": null,
      "total_current_liabilities": 963862000.0,
      "stockholders_equity": -259198000.0,
      "retained_earnings": -433549000.0,
      "cash_and_equivalents": 801646000.0,
      "inventory": 221233000.0,
      "accounts_receivable": 157168000.0
    },
    "cash_flow": {
      "operating_cash_flow": 185211000.0,
      "capital_expenditure": 25885000.0,
      "free_cash_flow": 211096000.0,
      "financing_cash_flow": 3658000.0,
      "investing_cash_flow": -7885000.0,
      "dividends_paid": null,
      "change_in_cash": null
    }
  }
}