{
  "2025-04-30": {
    "income_statement": {
      "total_revenue": 1042074000.0,
      "net_interest_income": 53163000.0,
      "net_income": -430092000.0,
      "gross_profit": 693288000.0,
      "operating_income": -447257000.0,
      "ebitda": -292345000.0,
      "research_development": 472404000.0,
      "selling_general_admin": 103471000.0,
      "interest_expense": 2071000.0,
      "income_before_tax": -424223000.0
    },
    "balance_sheet": {
      "total_assets": 8157407000.0,
      "total_current_assets": 4681787000.0,
      "total_debt": 2687763000.0,
      "short_term_debt": null,
      "long_term_debt": 2273600000.0,
      "total_current_liabilities": 3030544000.0,
      "stockholders_equity": 2408000000.0,
      "retained_earnings": -8214507000.0,
      "cash_and_equivalents": 2243083000.0,
      "inventory": null,
      "accounts_receivable": 552917000.0
    },
    "cash_flow": {
      "operating_cash_flow": 228373000.0,
      "capital_expenditure": 44989000.0,
      "free_cash_flow": 273362000.0,
      "financing_cash_flow": -564057000.0,
      "investing_cash_flow": -55983000.0,
      "dividends_paid": null,
      "change_in_cash": null
    }
  },
  "2025-01-31": {
    "income_statement": {
      "total_revenue": 986770000.0,
      "net_interest_income": 56310000.0,
      "net_income": -327474000.0,
      "gross_profit": 653586000.0,
      "operating_income": -386678000.0,
      "ebitda": -352448000.0,
      "research_development": 509490000.0,
      "selling_general_admin": 115091000.0,
      "interest_expense": 2070000.0,
      "income_before_tax": -330055000.0
    },
    "balance_sheet": {
      "total_assets": 9033938000.0,
      "total_current_assets": 5771710000.0,
      "total_debt": 2685270000.0,
      "short_term_debt": null,
      "long_term_debt": 2271529000.0,
      "total_current_liabilities": 3301183000.0,
      "stockholders_equity": 2999929000.0,
      "retained_earnings": -7293575000.0,
      "cash_and_equivalents": 2628798000.0,
      "inventory": null,
      "accounts_receivable": 946405000.0
    },
    "cash_flow": {
      "operating_cash_flow": 432725000.0,
      "capital_expenditure": 11277000.0,
      "free_cash_flow": 444002000.0,
      "financing_cash_flow": -120118000.0,
      "investing_cash_flow": 224888000.0,
      "dividends_paid": null,
      "change_in_cash": null
    }
  },
  "2024-10-31": {
    "income_statement": {
      "total_revenue": 942094000.0,
      "net_interest_income": 48655000.0,
      "net_income": -324279000.0,
      "gross_profit": 628900000.0,
      "operating_income": -365457000.0,
      "ebitda": -316011000.0,
      "research_development": 457635000.0,
      "selling_general_admin": 106260000.0,
      "interest_expense": 689000.0,
      "income_before_tax": -325965000.0
    },
    "balance_sheet": {
      "total_assets": 8202258000.0,
      "total_current_assets": 4894240000.0,
      "total_debt": 2595628000.0,
      "short_term_debt": null,
      "long_term_debt": 2269459000.0,
      "total_current_liabilities": 2647272000.0,
      "stockholders_equity": 2929445000.0,
      "retained_earnings": -6970492000.0,
      "cash_and_equivalents": 2148928000.0,
      "inventory": null,
      "accounts_receivable": 618852000.0
    },
    "cash_flow": {
      "operating_cash_flow": 101706000.0,
      "capital_expenditure": 13440000.0,
      "free_cash_flow": 115146000.0,
      "financing_cash_flow": 1017639000.0,
      "investing_cash_flow": -267142000.0,
      "dividends_paid": null,
      "change_in_cash": null
    }
  },
  "2024-07-31": {
    "income_statement": {
      "total_revenue": 868823000.0,
      "net_interest_income": 49265000.0,
      "net_income": -316899000.0,
      "gross_profit": 580745000.0,
      "operating_income": -355303000.0,
      "ebitda": -323492000.0,
      "research_development": 450960000.0,
      "selling_general_admin": 97763000.0,
      "interest_expense": null,
      "income_before_tax": -313984000.0
    },
    "balance_sheet": {
      "total_assets": 6943886000.0,
      "total_current_assets": 3811189000.0,
      "total_debt": 312812000.0,
      "short_term_debt": null,
      "long_term_debt": null,
      "total_current_liabilities": 2464682000.0,
      "stockholders_equity": 4129001000.0,
      "retained_earnings": -5625819000.0,
      "cash_and_equivalents": 1282045000.0,
      "inventory": null,
      "accounts_receivable": 452797000.0
    },
    "cash_flow": {
      "operating_cash_flow": 69865000.0,
      "capital_expenditure": 5043000.0,
      "free_cash_flow": 74908000.0,
      "financing_cash_flow": -490546000.0,
      "investing_cash_flow": 384078000.0,
      "dividends_paid": null,
      "change_in_cash": null
    }
  },
  "2024-04-30": {
    "income_statement": {
      "total_revenue": 828709000.0,
      "net_interest_income": 54779000.0,
      "net_income": -316988000.0,
      "gross_profit": 556192000.0,
      "operating_income": -348572000.0,
      "ebitda": -319251000.0,
      "research_development": 421694000.0,
      "selling_general_admin": 93148000.0,
      "interest_expense": 0.0,
      "income_before_tax": -315095000.0
    },
    "balance_sheet": {
      "total_assets": 7298018000.0,
      "total_current_assets": 4057842000.0,
      "total_debt": 278441000.0,
      "short_term_debt": null,
      "long_term_debt": null,
      "total_current_liabilities": 2428823000.0,
      "stockholders_equity": 4558234000.0,
      "retained_earnings": -4908921000.0,
      "cash_and_equivalents": 1330411000.0,
      "inventory": 1.0,
      "accounts_receivable": 345505000.0
    },
    "cash_flow": {
      "operating_cash_flow": 355468000.0,
      "capital_expenditure": 23923000.0,
      "free_cash_flow": 379391000.0,
      "financing_cash_flow": -633498000.0,
      "investing_cash_flow": -151178000.0,
      "dividends_paid": null,
      "change_in_cash": null
    }
  },
  "2024-01-31": {
    "income_statement": {
      "total_revenue": 774699000.0,
      "net_interest_income": 53761000.0,
      "net_income": -169352000.0,
      "gross_profit": 532895000.0,
      "operating_income": -275505000.0,
      "ebitda": -258568000.0,
      "research_development": 364476000.0,
      "selling_general_admin": 82102000.0,
      "interest_expense": null,
      "income_before_tax": -174211000.0
    },
    "balance_sheet": {
      "total_assets": 8223383000.0,
      "total_current_assets": 4953168000.0,
      "total_debt": 287981000.0,
      "short_term_debt": null,
      "long_term_debt": null,
      "total_current_liabilities": 2731230000.0,
      "stockholders_equity": 5180308000.0,
      "retained_earnings": -4075604000.0,
      "cash_and_equivalents": 1762749000.0,
      "inventory": 4112362000.0,
      "accounts_receivable": 926902000.0
    },
    "cash_flow": {
      "operating_cash_flow": 344580000.0,
      "capital_expenditure": 20101000.0,
      "free_cash_flow": 364681000.0,
      "financing_cash_flow": -88631000.0,
      "investing_cash_flow": 522569000.0,
      "dividends_paid": 106971001.0,
      "change_in_cash": null
    }
  },
  "2023-10-31": {
    "income_statement": {
      "total_revenue": 734173000.0,
      "net_interest_income": 53491000.0,
      "net_income": -214251000.0,
      "gross_profit": 505225000.0,
      "operating_income": -260623000.0,
      "ebitda": -233053000.0,
      "research_development": 332065000.0,
      "selling_general_admin": 78704000.0,
      "interest_expense": 0.0,
      "income_before_tax": -211302000.0
    },
    "balance_sheet": {
      "total_assets": 7264379000.0,
      "total_current_assets": 4312283000.0,
      "total_debt": 286377000.0,
      "short_term_debt": null,
      "long_term_debt": null,
      "total_current_liabilities": 2032672000.0,
      "stockholders_equity": 4929921000.0,
      "retained_earnings": -3906252000.0,
      "cash_and_equivalents": 982182000.0,
      "inventory": 74574000.0,
      "accounts_receivable": 511034000.0
    },
    "cash_flow": {
      "operating_cash_flow": 120907000.0,
      "capital_expenditure": 19899000.0,
      "free_cash_flow": 140806000.0,
      "financing_cash_flow": -459652000.0,
      "investing_cash_flow": 570860000.0,
      "dividends_paid": null,
      "change_in_cash": null
    }
  },
  "2023-07-31": {
    "income_statement": {
      "total_revenue": 674018000.0,
      "net_interest_income": 50280000.0,
      "net_income": -226867000.0,
      "gross_profit": 455626000.0,
      "operating_income": -285407000.0,
      "ebitda": -260023000.0,
      "research_development": 313996000.0,
      "selling_general_admin": 83749000.0,
      "interest_expense": null,
      "income_before_tax": -231041000.0
    },
    "balance_sheet": {
      "total_assets": 7509816000.0,
      "total_current_assets": 4404951000.0,
      "total_debt": 296852000.0,
      "short_term_debt": null,
      "long_term_debt": null,
      "total_current_liabilities": 1913312000.0,
      "stockholders_equity": 5286938000.0,
      "retained_earnings": -3291963000.0,
      "cash_and_equivalents": 755192000.0,
      "inventory": 71969000.0,
      "accounts_receivable": 406404000.0
    },
    "cash_flow": {
      "operating_cash_flow": 83191000.0,
      "capital_expenditure": 41652000.0,
      "free_cash_flow": 124843000.0,
      "financing_cash_flow": -82162000.0,
      "investing_cash_flow": 101042000.0,
      "dividends_paid": null,
      "change_in_cash": null
    }
  },
  "2023-04-30": {
    "income_statement": {
      "total_revenue": 623599000.0,
      "net_interest_income": 43131000.0,
      "net_income": -225627000.0,
      "gross_profit": 414185000.0,
      "operating_income": -273238000.0,
      "ebitda": -250075000.0,
      "research_development": 277412000.0,
      "selling_general_admin": 78453000.0,
      "interest_expense": 41006000.0,
      "income_before_tax": -232669000.0
    },
    "balance_sheet": {
      "total_assets": 7446774000.0,
      "total_current_assets": 4569547000.0,
      "total_debt": 254843000.0,
      "short_term_debt": null,
      "long_term_debt": null,
      "total_current_liabilities": 1887541000.0,
      "stockholders_equity": 5286243000.0,
      "retained_earnings": -3065096000.0,
      "cash_and_equivalents": 653014000.0,
      "inventory": 69205000.0,
      "accounts_receivable": 352993000.0
    },
    "cash_flow": {
      "operating_cash_flow": 299444000.0,
      "capital_expenditure": 16311000.0,
      "free_cash_flow": 315755000.0,
      "financing_cash_flow": -223658000.0,
      "investing_cash_flow": -362213000.0,
      "dividends_paid": null,
      "change_in_cash": null
    }
  },
  "2023-01-31": {
    "income_statement": {
      "total_revenue": 589012000.0,
      "net_interest_income": 35531000.0,
      "net_income": -207484000.0,
      "gross_profit": 383355000.0,
      "operating_income": -239750000.0,
      "ebitda": -218124000.0,
      "research_development": 242125000.0,
      "selling_general_admin": 77507000.0,
      "interest_expense": 35531000.0,
      "income_before_tax": -207112000.0
    },
    "balance_sheet": {
      "total_assets": 7722322000.0,
      "total_current_assets": 4984690000.0,
      "total_debt": 251658000.0,
      "short_term_debt": null,
      "long_term_debt": null,
      "total_current_liabilities": 1993517000.0,
      "stockholders_equity": 5456436000.0,
      "retained_earnings": -2716074000.0,
      "cash_and_equivalents": 939902000.0,
      "inventory": 67901000.0,
      "accounts_receivable": 715821000.0
    },
    "cash_flow": {
      "operating_cash_flow": 217316000.0,
      "capital_expenditure": 12055000.0,
      "free_cash_flow": 229371000.0,
      "financing_cash_flow": -40084000.0,
      "investing_cash_flow": -64784000.0,
      "dividends_paid": null,
      "change_in_cash": null
    }
  },
  "2022-10-31": {
    "income_statement": {
      "total_revenue": 557028000.0,
      "net_interest_income": 21857000.0,
      "net_income": -201442000.0,
      "gross_profit": 366307000.0,
      "operating_income": -206019000.0,
      "ebitda": -188323000.0,
      "research_development": 211387000.0,
      "selling_general_admin": 76462000.0,
      "interest_expense": 21857000.0,
      "income_before_tax": -197433000.0
    },
    "balance_sheet": {
      "total_assets": 7155688000.0,
      "total_current_assets": 4558904000.0,
      "total_debt": 254276000.0,
      "short_term_debt": null,
      "long_term_debt": null,
      "total_current_liabilities": 1479042000.0,
      "stockholders_equity": 5410777000.0,
      "retained_earnings": -2508905000.0,
      "cash_and_equivalents": 819003000.0,
      "inventory": null,
      "accounts_receivable": 394063000.0
    },
    "cash_flow": {
      "operating_cash_flow": 79277000.0,
      "capital_expenditure": 14284000.0,
      "free_cash_flow": 93561000.0,
      "financing_cash_flow": -18321000.0,
      "investing_cash_flow": -146862000.0,
      "dividends_paid": null,
      "change_in_cash": null
    }
  },
  "2022-07-31": {
    "income_statement": {
      "total_revenue": 497248000.0,
      "net_interest_income": 11692000.0,
      "net_income": -222806000.0,
      "gross_profit": 324016000.0,
      "operating_income": -207732000.0,
      "ebitda": -191640000.0,
      "research_development": 183748000.0,
      "selling_general_admin": 73355000.0,
      "interest_expense": 11692000.0,
      "income_before_tax": -218960000.0
    },
    "balance_sheet": {
      "total_assets": 7064115000.0,
      "total_current_assets": 4503697000.0,
      "total_debt": 241757000.0,
      "short_term_debt": null,
      "long_term_debt": null,
      "total_current_liabilities": 1401436000.0,
      "stockholders_equity": 5426323000.0,
      "retained_earnings": -2307969000.0,
      "cash_and_equivalents": 906663000.0,
      "inventory": null,
      "accounts_receivable": 304964000.0
    },
    "cash_flow": {
      "operating_cash_flow": 64433000.0,
      "capital_expenditure": 11284000.0,
      "free_cash_flow": 75717000.0,
      "financing_cash_flow": -22373000.0,
      "investing_cash_flow": -196447000.0,
      "dividends_paid": null,
      "change_in_cash": null
    }
  },
  "2022-04-30": {
    "income_statement": {
      "total_revenue": 422371000.0,
      "net_interest_income": 4759000.0,
      "net_income": -165794000.0,
      "gross_profit": 274441000.0,
      "operating_income": -188766000.0,
      "ebitda": -172456000.0,
      "research_development": 150798000.0,
      "selling_general_admin": 68497000.0,
      "interest_expense": 4759000.0,
      "income_before_tax": -192488000.0
    },
    "balance_sheet": {
      "total_assets": 7022699000.0,
      "total_current_assets": 4341733000.0,
      "total_debt": 206549000.0,
      "short_term_debt": null,
      "long_term_debt": null,
      "total_current_liabilities": 1363718000.0,
      "stockholders_equity": 5457994000.0,
      "retained_earnings": -2085163000.0,
      "cash_and_equivalents": 1063401000.0,
      "inventory": 53943000.0,
      "accounts_receivable": 277559000.0
    },
    "cash_flow": {
      "operating_cash_flow": 184613000.0,
      "capital_expenditure": 12217000.0,
      "free_cash_flow": 196830000.0,
      "financing_cash_flow": -11846000.0,
      "investing_cash_flow": -189792000.0,
      "dividends_paid": null,
      "change_in_cash": null
    }
  },
  "2022-01-31": {
    "income_statement": {
      "total_revenue": 383774000.0,
      "net_interest_income": 2342000.0,
      "net_income": -132153000.0,
      "gross_profit": 249594000.0,
      "operating_income": -152029000.0,
      "ebitda": -146193000.0,
      "research_development": 123149000.0,
      "selling_general_admin": 75187000.0,
      "interest_expense": 21422000.0,
      "income_before_tax": -130607000.0
    },
    "balance_sheet": {
      "total_assets": 6649698000.0,
      "total_current_assets": 4598643000.0,
      "total_debt": 206297000.0,
      "short_term_debt": null,
      "long_term_debt": null,
      "total_current_liabilities": 1397093000.0,
      "stockholders_equity": 5049045000.0,
      "retained_earnings": -1919369000.0,
      "cash_and_equivalents": 1085729000.0,
      "inventory": 1.0,
      "accounts_receivable": 545629000.0
    },
    "cash_flow": {
      "operating_cash_flow": 78898000.0,
      "capital_expenditure": 21324000.0,
      "free_cash_flow": 100222000.0,
      "financing_cash_flow": 35527000.0,
      "investing_cash_flow": 36167000.0,
      "dividends_paid": null,
      "change_in_cash": null
    }
  },
  "2021-10-31": {
    "income_statement": {
      "total_revenue": 334441000.0,
      "net_interest_income": 1985000.0,
      "net_income": -154856000.0,
      "gross_profit": 213655000.0,
      "operating_income": -157271000.0,
      "ebitda": -151753000.0,
      "research_development": 115900000.0,
      "selling_general_admin": 64055000.0,
      "interest_expense": 1985000.0,
      "income_before_tax": -153677000.0
    },
    "balance_sheet": {
      "total_assets": 6163471000.0,
      "total_current_assets": 4308257000.0,
      "total_debt": 203891000.0,
      "short_term_debt": null,
      "long_term_debt": null,
      "total_current_liabilities": 958735000.0,
      "stockholders_equity": 5006682000.0,
      "retained_earnings": -1787216000.0,
      "cash_and_equivalents": 935217000.0,
      "inventory": 1.0,
      "accounts_receivable": 254243000.0
    },
    "cash_flow": {
      "operating_cash_flow": 15538000.0,
      "capital_expenditure": 6070000.0,
      "free_cash_flow": 21608000.0,
      "financing_cash_flow": 50408000.0,
      "investing_cash_flow": 171064000.0,
      "dividends_paid": null,
      "change_in_cash": null
    }
  },
  "2021-07-31": {
    "income_statement": {
      "total_revenue": 272198000.0,
      "net_interest_income": 2190000.0,
      "net_income": -189719000.0,
      "gross_profit": 166077000.0,
      "operating_income": -200141000.0,
      "ebitda": -200141000.0,
      "research_development": 118087000.0,
      "selling_general_admin": 65228000.0,
      "interest_expense": 2190000.0,
      "income_before_tax": -189205000.0
    },
    "balance_sheet": {
      "total_assets": 6032416000.0,
      "total_current_assets": 4508102000.0,
      "total_debt": 194897000.0,
      "short_term_debt": null,
      "long_term_debt": null,
      "total_current_liabilities": 875738000.0,
      "stockholders_equity": 4964965000.0,
      "retained_earnings": -1632360000.0,
      "cash_and_equivalents": 698548000.0,
      "inventory": 1.0,
      "accounts_receivable": 237457000.0
    },
    "cash_flow": {
      "operating_cash_flow": -6111000.0,
      "capital_expenditure": 6563000.0,
      "free_cash_flow": 452000.0,
      "financing_cash_flow": 24463000.0,
      "investing_cash_flow": 36038000.0,
      "dividends_paid": null,
      "change_in_cash": null
    }
  },
  "2021-04-30": {
    "income_statement": {
      "total_revenue": 228914000.0,
      "net_interest_income": 2612000.0,
      "net_income": -203220000.0,
      "gross_profit": 131568000.0,
      "operating_income": -205595000.0,
      "ebitda": -200911000.0,
      "research_development": 109796000.0,
      "selling_general_admin": 60563000.0,
      "interest_expense": 2612000.0,
      "income_before_tax": -203471000.0
    },
    "balance_sheet": {
      "total_assets": 5929010000.0,
      "total_current_assets": 4221336000.0,
      "total_debt": 200530000.0,
      "short_term_debt": null,
      "long_term_debt": null,
      "total_current_liabilities": 776998000.0,
      "stockholders_equity": 4958321000.0,
      "retained_earnings": -1442641000.0,
      "cash_and_equivalents": 644674000.0,
      "inventory": null,
      "accounts_receivable": 166337000.0
    },
    "cash_flow": {
      "operating_cash_flow": 21854000.0,
      "capital_expenditure": 19370000.0,
      "free_cash_flow": 41224000.0,
      "financing_cash_flow": 67800000.0,
      "investing_cash_flow": -264069000.0,
      "dividends_paid": null,
      "change_in_cash": null
    }
  },
  "2021-01-31": {
    "income_statement": {
      "total_revenue": 190465000.0,
      "net_interest_income": 1853000.0,
      "net_income": -198935000.0,
      "gross_profit": 107561000.0,
      "operating_income": -200397000.0,
      "ebitda": -197182000.0,
      "research_development": 93997000.0,
      "selling_general_admin": 59911000.0,
      "interest_expense": 1853000.0,
      "income_before_tax": -197593000.0
    },
    "balance_sheet": {
      "total_assets": 5921739000.0,
      "total_current_assets": 4300652000.0,
      "total_debt": 204537000.0,
      "short_term_debt": null,
      "long_term_debt": null,
      "total_current_liabilities": 789264000.0,
      "stockholders_equity": 4936471000.0,
      "retained_earnings": -1239421000.0,
      "cash_and_equivalents": 820177000.0,
      "inventory": 1.0,
      "accounts_receivable": 294017000.0
    },
    "cash_flow": {
      "operating_cash_flow": 19614000.0,
      "capital_expenditure": 14488000.0,
      "free_cash_flow": 34102000.0,
      "financing_cash_flow": 22278000.0,
      "investing_cash_flow": -3161607000.0,
      "dividends_paid": null,
      "change_in_cash": null
    }
  },
  "2020-10-31": {
    "income_statement": {
      "total_revenue": 159624000.0,
      "net_interest_income": 1517000.0,
      "net_income": -168889000.0,
      "gross_profit": 92943000.0,
      "operating_income": -169454000.0,
      "ebitda": -166605000.0,
      "research_development": 74138000.0,
      "selling_general_admin": 53532000.0,
      "interest_expense": 1517000.0,
      "income_before_tax": -168456000.0
    },
    "balance_sheet": {
      "total_assets": 5712889000.0,
      "total_current_assets": 4986771000.0,
      "total_debt": 206051000.0,
      "short_term_debt": null,
      "long_term_debt": null,
      "total_current_liabilities": 547659000.0,
      "stockholders_equity": 4967815000.0,
      "retained_earnings": -1040486000.0,
      "cash_and_equivalents": 3939925000.0,
      "inventory": 1.0,
      "accounts_receivable": 168982000.0
    },
    "cash_flow": {
      "operating_cash_flow": -19754000.0,
      "capital_expenditure": 18114000.0,
      "free_cash_flow": -1640000.0,
      "financing_cash_flow": 4254420000.0,
      "investing_cash_flow": -433635000.0,
      "dividends_paid": null,
      "change_in_cash": null
    }
  },
  "2020-07-31": {
    "income_statement": {
      "total_revenue": 133145000.0,
      "net_interest_income": 1689000.0,
      "net_income": -77634000.0,
      "gross_profit": 82699000.0,
      "operating_income": -77683000.0,
      "ebitda": -75443000.0,
      "research_development": 36533000.0,
      "selling_general_admin": 31186000.0,
      "interest_expense": 1689000.0,
      "income_before_tax": -77103000.0
    },
    "balance_sheet": {
      "total_assets": 1437241000.0,
      "total_current_assets": 793448000.0,
      "total_debt": 201459000.0,
      "short_term_debt": null,
      "long_term_debt": null,
      "total_current_liabilities": 477659000.0,
      "stockholders_equity": 763648000.0,
      "retained_earnings": -900730000.0,
      "cash_and_equivalents": 138900000.0,
      "inventory": 1.0,
      "accounts_receivable": 151210000.0
    },
    "cash_flow": {
      "operating_cash_flow": -38685000.0,
      "capital_expenditure": 5880000.0,
      "free_cash_flow": -32805000.0,
      "financing_cash_flow": 9123000.0,
      "investing_cash_flow": -269399000.0,
      "dividends_paid": null,
      "change_in_cash": null
    }
  }
}