{
  "2025-06-30": {
    "income_statement": {
      "total_revenue": 1121442000.0,
      "net_interest_income": null,
      "net_income": 97263000.0,
      "gross_profit": 836839000.0,
      "operating_income": 112192000.0,
      "ebitda": 167475000.0,
      "research_development": null,
      "selling_general_admin": 151551000.0,
      "interest_expense": 274568000.0,
      "income_before_tax": 112192000.0
    },
    "balance_sheet": {
      "total_assets": 41112171000.0,
      "total_current_assets": 4497312000.0,
      "total_debt": null,
      "short_term_debt": null,
      "long_term_debt": null,
      "total_current_liabilities": null,
      "stockholders_equity": 6860580000.0,
      "retained_earnings": -1137219000.0,
      "cash_and_equivalents": 2122502000.0,
      "inventory": null,
      "accounts_receivable": null
    },
    "cash_flow": {
      "operating_cash_flow": null,
      "capital_expenditure": null,
      "free_cash_flow": null,
      "financing_cash_flow": null,
      "investing_cash_flow": null,
      "dividends_paid": null,
      "change_in_cash": null
    }
  },
  "2025-03-31": {
    "income_statement": {
      "total_revenue": 1036845000.0,
      "net_interest_income": 763812000.0,
      "net_income": 71116000.0,
      "gross_profit": 766081000.0,
      "operating_income": 79782000.0,
      "ebitda": 135065000.0,
      "research_development": 156206000.0,
      "selling_general_admin": 156397000.0,
      "interest_expense": 265086000.0,
      "income_before_tax": 79782000.0
    },
    "balance_sheet": {
      "total_assets": 37749286000.0,
      "total_current_assets": 4239153000.0,
      "total_debt": 3139859000.0,
      "short_term_debt": null,
      "long_term_debt": 2560724000.0,
      "total_current_liabilities": null,
      "stockholders_equity": 6678514000.0,
      "retained_earnings": -1234482000.0,
      "cash_and_equivalents": 2085697000.0,
      "inventory": null,
      "accounts_receivable": null
    },
    "cash_flow": {
      "operating_cash_flow": 21502000.0,
      "capital_expenditure": 52604000.0,
      "free_cash_flow": 74106000.0,
      "financing_cash_flow": 1425763000.0,
      "investing_cash_flow": -1440220000.0,
      "dividends_paid": null,
      "change_in_cash": null
    }
  },
  "2024-12-31": {
    "income_statement": {
      "total_revenue": 1007893000.0,
      "net_interest_income": 743937000.0,
      "net_income": 332473000.0,
      "gross_profit": 727248000.0,
      "operating_income": 59924000.0,
      "ebitda": 113469000.0,
      "research_development": 148986000.0,
      "selling_general_admin": 160922000.0,
      "interest_expense": 273768000.0,
      "income_before_tax": 59924000.0
    },
    "balance_sheet": {
      "total_assets": 36250951000.0,
      "total_current_assets": 2538293000.0,
      "total_debt": 3093301000.0,
      "short_term_debt": null,
      "long_term_debt": 2607301000.0,
      "total_current_liabilities": null,
      "stockholders_equity": 6525134000.0,
      "retained_earnings": -1305598000.0,
      "cash_and_equivalents": 2538293000.0,
      "inventory": null,
      "accounts_receivable": 587496000.0
    },
    "cash_flow": {
      "operating_cash_flow": -200103000.0,
      "capital_expenditure": 44231000.0,
      "free_cash_flow": -155872000.0,
      "financing_cash_flow": 1220834000.0,
      "investing_cash_flow": -1280884000.0,
      "dividends_paid": 323400000.0,
      "change_in_cash": null
    }
  },
  "2024-09-30": {
    "income_statement": {
      "total_revenue": 986162000.0,
      "net_interest_income": 723374000.0,
      "net_income": 60745000.0,
      "gross_profit": 687785000.0,
      "operating_income": 63855000.0,
      "ebitda": 115646000.0,
      "research_development": 139714000.0,
      "selling_general_admin": 148921000.0,
      "interest_expense": 292364000.0,
      "income_before_tax": 63855000.0
    },
    "balance_sheet": {
      "total_assets": 34380176000.0,
      "total_current_assets": 3909250000.0,
      "total_debt": 3281891000.0,
      "short_term_debt": null,
      "long_term_debt": 2694863000.0,
      "total_current_liabilities": 486000000.0,
      "stockholders_equity": 6121481000.0,
      "retained_earnings": -1638071000.0,
      "cash_and_equivalents": 2354965000.0,
      "inventory": null,
      "accounts_receivable": null
    },
    "cash_flow": {
      "operating_cash_flow": -1173581000.0,
      "capital_expenditure": 45801000.0,
      "free_cash_flow": -1127780000.0,
      "financing_cash_flow": 1495150000.0,
      "investing_cash_flow": -84005000.0,
      "dividends_paid": 16503000.0,
      "change_in_cash": null
    }
  },
  "2024-06-30": {
    "income_statement": {
      "total_revenue": 860629000.0,
      "net_interest_income": 674595000.0,
      "net_income": 17404000.0,
      "gross_profit": 586978000.0,
      "operating_income": 15340000.0,
      "ebitda": 64963000.0,
      "research_development": 132167000.0,
      "selling_general_admin": 145006000.0,
      "interest_expense": 262011000.0,
      "income_before_tax": 15340000.0
    },
    "balance_sheet": {
      "total_assets": 32641979000.0,
      "total_current_assets": 3778812000.0,
      "total_debt": 3208150000.0,
      "short_term_debt": null,
      "long_term_debt": 2621353000.0,
      "total_current_liabilities": 486000000.0,
      "stockholders_equity": 5901494000.0,
      "retained_earnings": -1698816000.0,
      "cash_and_equivalents": 2334589000.0,
      "inventory": null,
      "accounts_receivable": 68150000.0
    },
    "cash_flow": {
      "operating_cash_flow": -484371000.0,
      "capital_expenditure": 39473000.0,
      "free_cash_flow": -444898000.0,
      "financing_cash_flow": 1263148000.0,
      "investing_cash_flow": -2194917000.0,
      "dividends_paid": 16503000.0,
      "change_in_cash": null
    }
  },
  "2024-03-31": {
    "income_statement": {
      "total_revenue": 848994000.0,
      "net_interest_income": 665911000.0,
      "net_income": 88043000.0,
      "gross_profit": 578619000.0,
      "operating_income": 94226000.0,
      "ebitda": 142765000.0,
      "research_development": 130920000.0,
      "selling_general_admin": 145240000.0,
      "interest_expense": 263193000.0,
      "income_before_tax": 94226000.0
    },
    "balance_sheet": {
      "total_assets": 31305760000.0,
      "total_current_assets": 3693390000.0,
      "total_debt": 3001002000.0,
      "short_term_debt": null,
      "long_term_debt": 2409446000.0,
      "total_current_liabilities": 22644779000.0,
      "stockholders_equity": 6145979000.0,
      "retained_earnings": -1716220000.0,
      "cash_and_equivalents": 3693390000.0,
      "inventory": 3693390001.0,
      "accounts_receivable": 66322999.0
    },
    "cash_flow": {
      "operating_cash_flow": 738248000.0,
      "capital_expenditure": 34112000.0,
      "free_cash_flow": 772360000.0,
      "financing_cash_flow": 1055445000.0,
      "investing_cash_flow": -1261184000.0,
      "dividends_paid": null,
      "change_in_cash": null
    }
  },
  "2023-12-31": {
    "income_statement": {
      "total_revenue": 856426000.0,
      "net_interest_income": 645237000.0,
      "net_income": 47913000.0,
      "gross_profit": 588738000.0,
      "operating_income": 51158000.0,
      "ebitda": 104607000.0,
      "research_development": 146063000.0,
      "selling_general_admin": 131685000.0,
      "interest_expense": 255596000.0,
      "income_before_tax": 51158000.0
    },
    "balance_sheet": {
      "total_assets": 30074858000.0,
      "total_current_assets": 3868562000.0,
      "total_debt": 5362633000.0,
      "short_term_debt": null,
      "long_term_debt": 4754812000.0,
      "total_current_liabilities": 19468837000.0,
      "stockholders_equity": 5554986000.0,
      "retained_earnings": -1804263000.0,
      "cash_and_equivalents": 3085020000.0,
      "inventory": null,
      "accounts_receivable": 169852000.0
    },
    "cash_flow": {
      "operating_cash_flow": -247941000.0,
      "capital_expenditure": 36648000.0,
      "free_cash_flow": -211293000.0,
      "financing_cash_flow": 1979556000.0,
      "investing_cash_flow": -1413529000.0,
      "dividends_paid": 20378000.0,
      "change_in_cash": null
    }
  },
  "2023-09-30": {
    "income_statement": {
      "total_revenue": 756516000.0,
      "net_interest_income": 564270000.0,
      "net_income": -266684000.0,
      "gross_profit": 515378000.0,
      "operating_income": -266928000.0,
      "ebitda": -214412000.0,
      "research_development": 125698000.0,
      "selling_general_admin": 124457000.0,
      "interest_expense": 219307000.0,
      "income_before_tax": -266928000.0
    },
    "balance_sheet": {
      "total_assets": 27977153000.0,
      "total_current_assets": 3393614000.0,
      "total_debt": 6364941000.0,
      "short_term_debt": null,
      "long_term_debt": 6251580000.0,
      "total_current_liabilities": 16724450000.0,
      "stockholders_equity": 5373762000.0,
      "retained_earnings": -1852176000.0,
      "cash_and_equivalents": 2813876000.0,
      "inventory": 3734551000.0,
      "accounts_receivable": 63301000.0
    },
    "cash_flow": {
      "operating_cash_flow": -2686519000.0,
      "capital_expenditure": 28041000.0,
      "free_cash_flow": -2658478000.0,
      "financing_cash_flow": 2650814000.0,
      "investing_cash_flow": -168509000.0,
      "dividends_paid": 430000.0,
      "change_in_cash": null
    }
  },
  "2023-06-30": {
    "income_statement": {
      "total_revenue": 676888000.0,
      "net_interest_income": 469996000.0,
      "net_income": -47549000.0,
      "gross_profit": 485403000.0,
      "operating_income": -49329000.0,
      "ebitda": 801000.0,
      "research_development": 126845000.0,
      "selling_general_admin": 131180000.0,
      "interest_expense": 178870000.0,
      "income_before_tax": -49329000.0
    },
    "balance_sheet": {
      "total_assets": 25561449000.0,
      "total_current_assets": 3563884000.0,
      "total_debt": 6981658000.0,
      "short_term_debt": null,
      "long_term_debt": 6495658000.0,
      "total_current_liabilities": 632459000.0,
      "stockholders_equity": 5578035000.0,
      "retained_earnings": -1585492000.0,
      "cash_and_equivalents": 3015652000.0,
      "inventory": 3740549000.0,
      "accounts_receivable": 59056000.0
    },
    "cash_flow": {
      "operating_cash_flow": -2079919000.0,
      "capital_expenditure": 27597000.0,
      "free_cash_flow": -2052322000.0,
      "financing_cash_flow": 2870814000.0,
      "investing_cash_flow": -267673000.0,
      "dividends_paid": 20047000.0,
      "change_in_cash": 523222000.0
    }
  },
  "2023-03-31": {
    "income_statement": {
      "total_revenue": 607712000.0,
      "net_interest_income": 371564000.0,
      "net_income": -34422000.0,
      "gross_profit": 463751000.0,
      "operating_income": -36059000.0,
      "ebitda": 9262000.0,
      "research_development": 117059000.0,
      "selling_general_admin": 123689000.0,
      "interest_expense": 135554000.0,
      "income_before_tax": -36059000.0
    },
    "balance_sheet": {
      "total_assets": 22452961000.0,
      "total_current_assets": 2847846000.0,
      "total_debt": 6627066000.0,
      "short_term_debt": null,
      "long_term_debt": 6141066000.0,
      "total_current_liabilities": 486000000.0,
      "stockholders_equity": 5554446000.0,
      "retained_earnings": -1537943000.0,
      "cash_and_equivalents": 2487778000.0,
      "inventory": 2985219000.0,
      "accounts_receivable": 58772000.0
    },
    "cash_flow": {
      "operating_cash_flow": -2212760000.0,
      "capital_expenditure": 23720000.0,
      "free_cash_flow": -2189040000.0,
      "financing_cash_flow": 3384418000.0,
      "investing_cash_flow": -40153000.0,
      "dividends_paid": 2248000.0,
      "change_in_cash": 1131505000.0
    }
  },
  "2022-12-31": {
    "income_statement": {
      "total_revenue": 555503000.0,
      "net_interest_income": 307408000.0,
      "net_income": -40006000.0,
      "gross_profit": 441734000.0,
      "operating_income": -38949000.0,
      "ebitda": 3404000.0,
      "research_development": 113281000.0,
      "selling_general_admin": 113085000.0,
      "interest_expense": 98824000.0,
      "income_before_tax": -38949000.0
    },
    "balance_sheet": {
      "total_assets": 19007675000.0,
      "total_current_assets": 1421907000.0,
      "total_debt": 5634371000.0,
      "short_term_debt": null,
      "long_term_debt": 5502930000.0,
      "total_current_liabilities": 117758000.0,
      "stockholders_equity": 5528476000.0,
      "retained_earnings": -1503521000.0,
      "cash_and_equivalents": 1421907000.0,
      "inventory": 1877059000.0,
      "accounts_receivable": 127050000.0
    },
    "cash_flow": {
      "operating_cash_flow": -2418835000.0,
      "capital_expenditure": 27757000.0,
      "free_cash_flow": -2391078000.0,
      "financing_cash_flow": 3054771000.0,
      "investing_cash_flow": -51407000.0,
      "dividends_paid": 20378000.0,
      "change_in_cash": 584529000.0
    }
  },
  "2022-09-30": {
    "income_statement": {
      "total_revenue": 464174000.0,
      "net_interest_income": 198039000.0,
      "net_income": -74209000.0,
      "gross_profit": 407662000.0,
      "operating_income": -74451000.0,
      "ebitda": -34198000.0,
      "research_development": 110702000.0,
      "selling_general_admin": 126199000.0,
      "interest_expense": 40189000.0,
      "income_before_tax": -74451000.0
    },
    "balance_sheet": {
      "total_assets": 15834903000.0,
      "total_current_assets": 1130292000.0,
      "total_debt": 5221986000.0,
      "short_term_debt": null,
      "long_term_debt": 4614257000.0,
      "total_current_liabilities": 121729000.0,
      "stockholders_equity": 5501377000.0,
      "retained_earnings": -1463515000.0,
      "cash_and_equivalents": 935159000.0,
      "inventory": 1344124000.0,
      "accounts_receivable": 59095000.0
    },
    "cash_flow": {
      "operating_cash_flow": -2880300000.0,
      "capital_expenditure": 25948000.0,
      "free_cash_flow": -2854352000.0,
      "financing_cash_flow": 3192483000.0,
      "investing_cash_flow": -50008000.0,
      "dividends_paid": 20047000.0,
      "change_in_cash": 262175000.0
    }
  },
  "2022-06-30": {
    "income_statement": {
      "total_revenue": 389310000.0,
      "net_interest_income": 149512000.0,
      "net_income": -95835000.0,
      "gross_profit": 352424000.0,
      "operating_income": -95716000.0,
      "ebitda": -57660000.0,
      "research_development": 99366000.0,
      "selling_general_admin": 125829000.0,
      "interest_expense": 26783000.0,
      "income_before_tax": -95716000.0
    },
    "balance_sheet": {
      "total_assets": 12670886000.0,
      "total_current_assets": 905235000.0,
      "total_debt": 3909732000.0,
      "short_term_debt": null,
      "long_term_debt": 3777997000.0,
      "total_current_liabilities": 131735000.0,
      "stockholders_equity": 5506554000.0,
      "retained_earnings": -1389306000.0,
      "cash_and_equivalents": 707302000.0,
      "inventory": null,
      "accounts_receivable": 566000.0
    },
    "cash_flow": {
      "operating_cash_flow": -945499000.0,
      "capital_expenditure": 24914000.0,
      "free_cash_flow": -920585000.0,
      "financing_cash_flow": 297073000.0,
      "investing_cash_flow": -54797000.0,
      "dividends_paid": 20047000.0,
      "change_in_cash": -703223000.0
    }
  },
  "2022-03-31": {
    "income_statement": {
      "total_revenue": 353823000.0,
      "net_interest_income": 118412000.0,
      "net_income": -110357000.0,
      "gross_profit": 317383000.0,
      "operating_income": -109605000.0,
      "ebitda": -78907000.0,
      "research_development": 81908000.0,
      "selling_general_admin": 136505000.0,
      "interest_expense": 23479000.0,
      "income_before_tax": -109605000.0
    },
    "balance_sheet": {
      "total_assets": 12246576000.0,
      "total_current_assets": 1404347000.0,
      "total_debt": 5122662000.0,
      "short_term_debt": null,
      "long_term_debt": 4986707000.0,
      "total_current_liabilities": 486000000.0,
      "stockholders_equity": 5530673000.0,
      "retained_earnings": -1293471000.0,
      "cash_and_equivalents": 1325135000.0,
      "inventory": null,
      "accounts_receivable": 53638000.0
    },
    "cash_flow": {
      "operating_cash_flow": -1011224000.0,
      "capital_expenditure": 25114000.0,
      "free_cash_flow": -986110000.0,
      "financing_cash_flow": 1895158000.0,
      "investing_cash_flow": 49879000.0,
      "dividends_paid": 20047000.0,
      "change_in_cash": 933813000.0
    }
  },
  "2021-12-31": {
    "income_statement": {
      "total_revenue": 303814000.0,
      "net_interest_income": 94783000.0,
      "net_income": -111012000.0,
      "gross_profit": 280922000.0,
      "operating_income": -109454000.0,
      "ebitda": -82927000.0,
      "research_development": 66316000.0,
      "selling_general_admin": 125160000.0,
      "interest_expense": 18206000.0,
      "income_before_tax": -109454000.0
    },
    "balance_sheet": {
      "total_assets": 9176326000.0,
      "total_current_assets": 539459000.0,
      "total_debt": 4539475000.0,
      "short_term_debt": null,
      "long_term_debt": 4041665000.0,
      "total_current_liabilities": 497810000.0,
      "stockholders_equity": 4697703000.0,
      "retained_earnings": -1183114000.0,
      "cash_and_equivalents": 494711000.0,
      "inventory": null,
      "accounts_receivable": 34210000.0
    },
    "cash_flow": {
      "operating_cash_flow": -1236289000.0,
      "capital_expenditure": 13816000.0,
      "free_cash_flow": -1222473000.0,
      "financing_cash_flow": 1119653000.0,
      "investing_cash_flow": 30657000.0,
      "dividends_paid": 20379000.0,
      "change_in_cash": -85979000.0
    }
  },
  "2021-09-30": {
    "income_statement": {
      "total_revenue": 293232000.0,
      "net_interest_income": 93601000.0,
      "net_income": -30047000.0,
      "gross_profit": 269605000.0,
      "operating_income": -29866000.0,
      "ebitda": -5791000.0,
      "research_development": 74434000.0,
      "selling_general_admin": 40461000.0,
      "interest_expense": 21226000.0,
      "income_before_tax": -29866000.0
    },
    "balance_sheet": {
      "total_assets": 8083324000.0,
      "total_current_assets": 730726000.0,
      "total_debt": 3370913000.0,
      "short_term_debt": null,
      "long_term_debt": 2874124000.0,
      "total_current_liabilities": 822245000.0,
      "stockholders_equity": 4568903000.0,
      "retained_earnings": -1072102000.0,
      "cash_and_equivalents": 533523000.0,
      "inventory": null,
      "accounts_receivable": 29497000.0
    },
    "cash_flow": {
      "operating_cash_flow": -196536000.0,
      "capital_expenditure": 11637000.0,
      "free_cash_flow": -184899000.0,
      "financing_cash_flow": 441910000.0,
      "investing_cash_flow": -159803000.0,
      "dividends_paid": 20379000.0,
      "change_in_cash": 85571000.0
    }
  },
  "2021-06-30": {
    "income_statement": {
      "total_revenue": 259370000.0,
      "net_interest_income": 84108000.0,
      "net_income": -165314000.0,
      "gross_profit": 230788000.0,
      "operating_income": -165392000.0,
      "ebitda": -140403000.0,
      "research_development": 69389000.0,
      "selling_general_admin": 171216000.0,
      "interest_expense": 28096000.0,
      "income_before_tax": -165392000.0
    },
    "balance_sheet": {
      "total_assets": 7653000000.0,
      "total_current_assets": 461920000.0,
      "total_debt": 2918463000.0,
      "short_term_debt": null,
      "long_term_debt": 2432463000.0,
      "total_current_liabilities": 803941000.0,
      "stockholders_equity": 4527764000.0,
      "retained_earnings": -1042055000.0,
      "cash_and_equivalents": 461920000.0,
      "inventory": null,
      "accounts_receivable": 30410000.0
    },
    "cash_flow": {
      "operating_cash_flow": -257443000.0,
      "capital_expenditure": 19363000.0,
      "free_cash_flow": -238080000.0,
      "financing_cash_flow": -878026705.0,
      "investing_cash_flow": 58392000.0,
      "dividends_paid": 302906000.0,
      "change_in_cash": -554409226.0
    }
  },
  "2021-03-31": {
    "income_statement": {
      "total_revenue": 231232000.0,
      "net_interest_income": 55105150.0,
      "net_income": -177564000.0,
      "gross_profit": 195984000.0,
      "operating_income": -176465000.0,
      "ebitda": -150488000.0,
      "research_development": 65948000.0,
      "selling_general_admin": 161697000.0,
      "interest_expense": 35248000.0,
      "income_before_tax": -176465000.0
    },
    "balance_sheet": {
      "total_assets": 805817385.0,
      "total_current_assets": 780315.0,
      "total_debt": 1415000.0,
      "short_term_debt": null,
      "long_term_debt": null,
      "total_current_liabilities": 5192499.0,
      "stockholders_equity": 618043636.0,
      "retained_earnings": -116166052.0,
      "cash_and_equivalents": 39940.0,
      "inventory": null,
      "accounts_receivable": 50297000.0
    },
    "cash_flow": {
      "operating_cash_flow": 340051000.0,
      "capital_expenditure": 7445000.0,
      "free_cash_flow": 347496000.0,
      "financing_cash_flow": -1145779000.0,
      "investing_cash_flow": 180947000.0,
      "dividends_paid": 10023500.0,
      "change_in_cash": -219774.0
    }
  },
  "2020-12-31": {
    "income_statement": {
      "total_revenue": 224741000.0,
      "net_interest_income": 55107780.0,
      "net_income": -82616000.0,
      "gross_profit": 171491000.0,
      "operating_income": -87565000.0,
      "ebitda": -62079000.0,
      "research_development": 57767000.0,
      "selling_general_admin": 76097000.0,
      "interest_expense": 53250000.0,
      "income_before_tax": -87565000.0
    },
    "balance_sheet": {
      "total_assets": 8563499000.0,
      "total_current_assets": 922879000.0,
      "total_debt": 5071712000.0,
      "short_term_debt": null,
      "long_term_debt": 4431223000.0,
      "total_current_liabilities": 938909000.0,
      "stockholders_equity": 3053571000.0,
      "retained_earnings": -699177000.0,
      "cash_and_equivalents": 872582000.0,
      "inventory": null,
      "accounts_receivable": 50297000.0
    },
    "cash_flow": {
      "operating_cash_flow": 5179000.0,
      "capital_expenditure": 6932000.0,
      "free_cash_flow": 12111000.0,
      "financing_cash_flow": 462664000.0,
      "investing_cash_flow": 70685000.0,
      "dividends_paid": 20379000.0,
      "change_in_cash": null
    }
  },
  "2020-09-30": {
    "income_statement": {
      "total_revenue": 239692000.0,
      "net_interest_income": 88117000.0,
      "net_income": -42878000.0,
      "gross_profit": 200787000.0,
      "operating_income": -42686000.0,
      "ebitda": -18010000.0,
      "research_development": 55428000.0,
      "selling_general_admin": 58766000.0,
      "interest_expense": 38905000.0,
      "income_before_tax": -42686000.0
    },
    "balance_sheet": {
      "total_assets": 466179.0,
      "total_current_assets": 144584.0,
      "total_debt": 400000.0,
      "short_term_debt": null,
      "long_term_debt": null,
      "total_current_liabilities": 446179.0,
      "stockholders_equity": 20000.0,
      "retained_earnings": -5000.0,
      "cash_and_equivalents": 144584.0,
      "inventory": null,
      "accounts_receivable": null
    },
    "cash_flow": {
      "operating_cash_flow": -879440000.0,
      "capital_expenditure": 8786000.0,
      "free_cash_flow": -870654000.0,
      "financing_cash_flow": 677493000.0,
      "investing_cash_flow": 90830000.0,
      "dividends_paid": null,
      "change_in_cash": null
    }
  }
}