{
  "2025-03-31": {
    "income_statement": {
      "total_revenue": 549651000.0,
      "net_interest_income": null,
      "net_income": -3925000.0,
      "gross_profit": 107828000.0,
      "operating_income": -32059000.0,
      "ebitda": -19780000.0,
      "research_development": 61540000.0,
      "selling_general_admin": 78347000.0,
      "interest_expense": null,
      "income_before_tax": -20345000.0
    },
    "balance_sheet": {
      "total_assets": 1964185000.0,
      "total_current_assets": 1497980000.0,
      "total_debt": null,
      "short_term_debt": null,
      "long_term_debt": null,
      "total_current_liabilities": 1472593000.0,
      "stockholders_equity": 205414000.0,
      "retained_earnings": -1331326000.0,
      "cash_and_equivalents": 954944000.0,
      "inventory": 146281000.0,
      "accounts_receivable": 297810000.0
    },
    "cash_flow": {
      "operating_cash_flow": 269575000.0,
      "capital_expenditure": 20560000.0,
      "free_cash_flow": 290135000.0,
      "financing_cash_flow": 2851000.0,
      "investing_cash_flow": -220560000.0,
      "dividends_paid": null,
      "change_in_cash": null
    }
  },
  "2024-12-31": {
    "income_statement": {
      "total_revenue": 486693000.0,
      "net_interest_income": null,
      "net_income": -3476000.0,
      "gross_profit": 80039000.0,
      "operating_income": -24629000.0,
      "ebitda": -16984000.0,
      "research_development": 43592000.0,
      "selling_general_admin": 61076000.0,
      "interest_expense": null,
      "income_before_tax": -16806000.0
    },
    "balance_sheet": {
      "total_assets": 1715622000.0,
      "total_current_assets": 1458426000.0,
      "total_debt": null,
      "short_term_debt": null,
      "long_term_debt": null,
      "total_current_liabilities": 1196851000.0,
      "stockholders_equity": 196536000.0,
      "retained_earnings": -1327401000.0,
      "cash_and_equivalents": 903034000.0,
      "inventory": 108691000.0,
      "accounts_receivable": 357740000.0
    },
    "cash_flow": {
      "operating_cash_flow": 205027000.0,
      "capital_expenditure": 7357000.0,
      "free_cash_flow": 212384000.0,
      "financing_cash_flow": -3862000.0,
      "investing_cash_flow": -25349000.0,
      "dividends_paid": null,
      "change_in_cash": null
    }
  },
  "2024-09-30": {
    "income_statement": {
      "total_revenue": 503566000.0,
      "net_interest_income": null,
      "net_income": -2494000.0,
      "gross_profit": 63992000.0,
      "operating_income": -21537000.0,
      "ebitda": -15105000.0,
      "research_development": 40130000.0,
      "selling_general_admin": 45399000.0,
      "interest_expense": null,
      "income_before_tax": -12121000.0
    },
    "balance_sheet": {
      "total_assets": 1578552000.0,
      "total_current_assets": 1355537000.0,
      "total_debt": null,
      "short_term_debt": null,
      "long_term_debt": null,
      "total_current_liabilities": 1017146000.0,
      "stockholders_equity": 203147000.0,
      "retained_earnings": -1323925000.0,
      "cash_and_equivalents": 727310000.0,
      "inventory": 106136000.0,
      "accounts_receivable": 419781000.0
    },
    "cash_flow": {
      "operating_cash_flow": -99383000.0,
      "capital_expenditure": 21367000.0,
      "free_cash_flow": -78016000.0,
      "financing_cash_flow": 1747000.0,
      "investing_cash_flow": -45363000.0,
      "dividends_paid": null,
      "change_in_cash": null
    }
  },
  "2024-06-30": {
    "income_statement": {
      "total_revenue": 470338000.0,
      "net_interest_income": null,
      "net_income": -4681000.0,
      "gross_profit": 54973000.0,
      "operating_income": -37620000.0,
      "ebitda": -26924000.0,
      "research_development": 44722000.0,
      "selling_general_admin": 47871000.0,
      "interest_expense": null,
      "income_before_tax": -26005000.0
    },
    "balance_sheet": {
      "total_assets": 1558442000.0,
      "total_current_assets": 1371317000.0,
      "total_debt": 18175000.0,
      "short_term_debt": null,
      "long_term_debt": null,
      "total_current_liabilities": 1048093000.0,
      "stockholders_equity": 418695000.0,
      "retained_earnings": -1321431000.0,
      "cash_and_equivalents": 870469000.0,
      "inventory": 132111000.0,
      "accounts_receivable": 261187000.0
    },
    "cash_flow": {
      "operating_cash_flow": 50384000.0,
      "capital_expenditure": 17143000.0,
      "free_cash_flow": 67527000.0,
      "financing_cash_flow": -47652000.0,
      "investing_cash_flow": -33632000.0,
      "dividends_paid": 47654000.0,
      "change_in_cash": null
    }
  },
  "2024-03-31": {
    "income_statement": {
      "total_revenue": 393332000.0,
      "net_interest_income": null,
      "net_income": -8809000.0,
      "gross_profit": 30220000.0,
      "operating_income": -64894000.0,
      "ebitda": -61739000.0,
      "research_development": 46462000.0,
      "selling_general_admin": 48652000.0,
      "interest_expense": null,
      "income_before_tax": -55082000.0
    },
    "balance_sheet": {
      "total_assets": 1588017000.0,
      "total_current_assets": 1448812000.0,
      "total_debt": 18624000.0,
      "short_term_debt": null,
      "long_term_debt": null,
      "total_current_liabilities": 1091053000.0,
      "stockholders_equity": 417061000.0,
      "retained_earnings": -1318943000.0,
      "cash_and_equivalents": 901382000.0,
      "inventory": 119772000.0,
      "accounts_receivable": 301672000.0
    },
    "cash_flow": {
      "operating_cash_flow": 21072000.0,
      "capital_expenditure": 2871000.0,
      "free_cash_flow": 23943000.0,
      "financing_cash_flow": 258295000.0,
      "investing_cash_flow": 136786000.0,
      "dividends_paid": null,
      "change_in_cash": null
    }
  },
  "2023-12-31": {
    "income_statement": {
      "total_revenue": 359943000.0,
      "net_interest_income": null,
      "net_income": -2836000.0,
      "gross_profit": 64057000.0,
      "operating_income": -25099000.0,
      "ebitda": -21902000.0,
      "research_development": 42144000.0,
      "selling_general_admin": 47012000.0,
      "interest_expense": null,
      "income_before_tax": -18900000.0
    },
    "balance_sheet": {
      "total_assets": 1324304000.0,
      "total_current_assets": 1259703000.0,
      "total_debt": 19243000.0,
      "short_term_debt": null,
      "long_term_debt": null,
      "total_current_liabilities": 1098458000.0,
      "stockholders_equity": 160607000.0,
      "retained_earnings": -1312363000.0,
      "cash_and_equivalents": 485952000.0,
      "inventory": 137666000.0,
      "accounts_receivable": 292507000.0
    },
    "cash_flow": {
      "operating_cash_flow": -30150000.0,
      "capital_expenditure": 2993000.0,
      "free_cash_flow": -27157000.0,
      "financing_cash_flow": 158646000.0,
      "investing_cash_flow": 98690000.0,
      "dividends_paid": null,
      "change_in_cash": null
    }
  },
  "2023-09-30": {
    "income_statement": {
      "total_revenue": 391888000.0,
      "net_interest_income": null,
      "net_income": -6208000.0,
      "gross_profit": 58789000.0,
      "operating_income": -53935000.0,
      "ebitda": -49230000.0,
      "research_development": 45791000.0,
      "selling_general_admin": 66933000.0,
      "interest_expense": 114209000.0,
      "income_before_tax": -50274000.0
    },
    "balance_sheet": {
      "total_assets": 1050710000.0,
      "total_current_assets": 991795000.0,
      "total_debt": 13638000.0,
      "short_term_debt": null,
      "long_term_debt": null,
      "total_current_liabilities": 1025459000.0,
      "stockholders_equity": 82000.0,
      "retained_earnings": -1310435000.0,
      "cash_and_equivalents": 258770000.0,
      "inventory": 136121000.0,
      "accounts_receivable": 190355000.0
    },
    "cash_flow": {
      "operating_cash_flow": 44528000.0,
      "capital_expenditure": 963000.0,
      "free_cash_flow": 45491000.0,
      "financing_cash_flow": -13375000.0,
      "investing_cash_flow": -28004000.0,
      "dividends_paid": null,
      "change_in_cash": null
    }
  },
  "2023-06-30": {
    "income_statement": {
      "total_revenue": 311837000.0,
      "net_interest_income": null,
      "net_income": -4347000.0,
      "gross_profit": 52909000.0,
      "operating_income": -42009000.0,
      "ebitda": -39549000.0,
      "research_development": 48845000.0,
      "selling_general_admin": 46073000.0,
      "interest_expense": null,
      "income_before_tax": -39072000.0
    },
    "balance_sheet": {
      "total_assets": 969740000.0,
      "total_current_assets": 921662000.0,
      "total_debt": 5078000.0,
      "short_term_debt": null,
      "long_term_debt": null,
      "total_current_liabilities": 898005000.0,
      "stockholders_equity": 2476000.0,
      "retained_earnings": -1304227000.0,
      "cash_and_equivalents": 255490000.0,
      "inventory": 166877000.0,
      "accounts_receivable": 165392000.0
    },
    "cash_flow": {
      "operating_cash_flow": 54883000.0,
      "capital_expenditure": 8337000.0,
      "free_cash_flow": 63220000.0,
      "financing_cash_flow": 0.0,
      "investing_cash_flow": -56294000.0,
      "dividends_paid": null,
      "change_in_cash": -1411000.0
    }
  },
  "2023-03-31": {
    "income_statement": {
      "total_revenue": 266854000.0,
      "net_interest_income": null,
      "net_income": -6118000.0,
      "gross_profit": 42847000.0,
      "operating_income": -57717000.0,
      "ebitda": -55648000.0,
      "research_development": 49666000.0,
      "selling_general_admin": 50898000.0,
      "interest_expense": 51582000.0,
      "income_before_tax": -55433000.0
    },
    "balance_sheet": {
      "total_assets": 909529000.0,
      "total_current_assets": 866400000.0,
      "total_debt": 5497000.0,
      "short_term_debt": null,
      "long_term_debt": null,
      "total_current_liabilities": 849826000.0,
      "stockholders_equity": 2368000.0,
      "retained_earnings": -1299880000.0,
      "cash_and_equivalents": 256954000.0,
      "inventory": 140441000.0,
      "accounts_receivable": 188027000.0
    },
    "cash_flow": {
      "operating_cash_flow": 31312000.0,
      "capital_expenditure": 6017000.0,
      "free_cash_flow": 37329000.0,
      "financing_cash_flow": -10726000.0,
      "investing_cash_flow": -112344000.0,
      "dividends_paid": null,
      "change_in_cash": -91758000.0
    }
  },
  "2022-12-31": {
    "income_statement": {
      "total_revenue": 206312000.0,
      "net_interest_income": null,
      "net_income": -7193000.0,
      "gross_profit": 35194000.0,
      "operating_income": -69569000.0,
      "ebitda": -67492000.0,
      "research_development": 50740000.0,
      "selling_general_admin": 54023000.0,
      "interest_expense": 62627000.0,
      "income_before_tax": -67735000.0
    },
    "balance_sheet": {
      "total_assets": 808946000.0,
      "total_current_assets": 772104000.0,
      "total_debt": 5974000.0,
      "short_term_debt": null,
      "long_term_debt": null,
      "total_current_liabilities": 735829000.0,
      "stockholders_equity": 5323000.0,
      "retained_earnings": -1293762000.0,
      "cash_and_equivalents": 350724000.0,
      "inventory": 110914000.0,
      "accounts_receivable": 146148000.0
    },
    "cash_flow": {
      "operating_cash_flow": 101052000.0,
      "capital_expenditure": 6990000.0,
      "free_cash_flow": 108042000.0,
      "financing_cash_flow": 0.0,
      "investing_cash_flow": -103803000.0,
      "dividends_paid": null,
      "change_in_cash": -2751000.0
    }
  },
  "2022-09-30": {
    "income_statement": {
      "total_revenue": 244412000.0,
      "net_interest_income": null,
      "net_income": -5549000.0,
      "gross_profit": 36729000.0,
      "operating_income": -54308000.0,
      "ebitda": -52519000.0,
      "research_development": 43462000.0,
      "selling_general_admin": 47575000.0,
      "interest_expense": 1050000.0,
      "income_before_tax": -53258000.0
    },
    "balance_sheet": {
      "total_assets": 631263000.0,
      "total_current_assets": 605398000.0,
      "total_debt": null,
      "short_term_debt": null,
      "long_term_debt": null,
      "total_current_liabilities": 522957000.0,
      "stockholders_equity": 7184000.0,
      "retained_earnings": -1286569000.0,
      "cash_and_equivalents": 353457000.0,
      "inventory": 91900000.0,
      "accounts_receivable": 105228000.0
    },
    "cash_flow": {
      "operating_cash_flow": -51518000.0,
      "capital_expenditure": 7181000.0,
      "free_cash_flow": -44337000.0,
      "financing_cash_flow": 300000000.0,
      "investing_cash_flow": -307181000.0,
      "dividends_paid": null,
      "change_in_cash": -58699000.0
    }
  },
  "2022-06-30": {
    "income_statement": {
      "total_revenue": 175552000.0,
      "net_interest_income": null,
      "net_income": -20492000.0,
      "gross_profit": 31544000.0,
      "operating_income": -33031000.0,
      "ebitda": -31605000.0,
      "research_development": 35140000.0,
      "selling_general_admin": 29435000.0,
      "interest_expense": 17596000.0,
      "income_before_tax": -32875000.0
    },
    "balance_sheet": {
      "total_assets": 612831000.0,
      "total_current_assets": 590631000.0,
      "total_debt": null,
      "short_term_debt": null,
      "long_term_debt": null,
      "total_current_liabilities": 445107000.0,
      "stockholders_equity": 7012000.0,
      "retained_earnings": -1281020000.0,
      "cash_and_equivalents": 411662000.0,
      "inventory": 126985000.0,
      "accounts_receivable": 39823000.0
    },
    "cash_flow": {
      "operating_cash_flow": -33827000.0,
      "capital_expenditure": 2209000.0,
      "free_cash_flow": -31618000.0,
      "financing_cash_flow": 188652000.0,
      "investing_cash_flow": -2209000.0,
      "dividends_paid": null,
      "change_in_cash": 252480992.0
    }
  },
  "2022-03-31": {
    "income_statement": {
      "total_revenue": 96284000.0,
      "net_interest_income": null,
      "net_income": -29903000.0,
      "gross_profit": 16906000.0,
      "operating_income": -29961000.0,
      "ebitda": -28545000.0,
      "research_development": 23355000.0,
      "selling_general_admin": 23512000.0,
      "interest_expense": 58000.0,
      "income_before_tax": -29903000.0
    },
    "balance_sheet": {
      "total_assets": 407791000.0,
      "total_current_assets": 387305000.0,
      "total_debt": null,
      "short_term_debt": null,
      "long_term_debt": null,
      "total_current_liabilities": 296609000.0,
      "stockholders_equity": -1033208000.0,
      "retained_earnings": -1248771000.0,
      "cash_and_equivalents": 259044000.0,
      "inventory": 72339000.0,
      "accounts_receivable": 28598000.0
    },
    "cash_flow": {
      "operating_cash_flow": -102902000.0,
      "capital_expenditure": 1055000.0,
      "free_cash_flow": -101847000.0,
      "financing_cash_flow": 3000000.0,
      "investing_cash_flow": -1055000.0,
      "dividends_paid": null,
      "change_in_cash": null
    }
  },
  "2021-12-31": {
    "income_statement": {
      "total_revenue": 77064000.0,
      "net_interest_income": null,
      "net_income": -23053000.0,
      "gross_profit": 14468000.0,
      "operating_income": -23075000.0,
      "ebitda": -21717000.0,
      "research_development": 22184000.0,
      "selling_general_admin": 44617.0,
      "interest_expense": 22000.0,
      "income_before_tax": -23053000.0
    },
    "balance_sheet": {
      "total_assets": 454861000.0,
      "total_current_assets": 433496000.0,
      "total_debt": null,
      "short_term_debt": null,
      "long_term_debt": null,
      "total_current_liabilities": 334579000.0,
      "stockholders_equity": -978613000.0,
      "retained_earnings": -1193831000.0,
      "cash_and_equivalents": 363047000.0,
      "inventory": 44875000.0,
      "accounts_receivable": 13291000.0
    },
    "cash_flow": {
      "operating_cash_flow": 40000000.0,
      "capital_expenditure": 7505000.0,
      "free_cash_flow": 47505000.0,
      "financing_cash_flow": 173796000.0,
      "investing_cash_flow": -7505000.0,
      "dividends_paid": null,
      "change_in_cash": null
    }
  },
  "2021-09-30": {
    "income_statement": {
      "total_revenue": 91708000.0,
      "net_interest_income": null,
      "net_income": -31484000.0,
      "gross_profit": 7852000.0,
      "operating_income": -31492000.0,
      "ebitda": -30209000.0,
      "research_development": 20909000.0,
      "selling_general_admin": 1921010.0,
      "interest_expense": null,
      "income_before_tax": -31484000.0
    },
    "balance_sheet": {
      "total_assets": 280535000.0,
      "total_current_assets": 260420000.0,
      "total_debt": null,
      "short_term_debt": null,
      "long_term_debt": null,
      "total_current_liabilities": 336972000.0,
      "stockholders_equity": -1113228000.0,
      "retained_earnings": -1154944000.0,
      "cash_and_equivalents": 156634000.0,
      "inventory": 33561000.0,
      "accounts_receivable": 63370000.0
    },
    "cash_flow": {
      "operating_cash_flow": 13543000.0,
      "capital_expenditure": 6835000.0,
      "free_cash_flow": 20378000.0,
      "financing_cash_flow": 0.0,
      "investing_cash_flow": -6835000.0,
      "dividends_paid": null,
      "change_in_cash": null
    }
  },
  "2021-06-30": {
    "income_statement": {
      "total_revenue": 131487000.0,
      "net_interest_income": null,
      "net_income": -37771000.0,
      "gross_profit": -336000.0,
      "operating_income": -37778000.0,
      "ebitda": -36395000.0,
      "research_development": 20934000.0,
      "selling_general_admin": 2493735.0,
      "interest_expense": null,
      "income_before_tax": -37771000.0
    },
    "balance_sheet": {
      "total_assets": 324000881.0,
      "total_current_assets": 3994949.0,
      "total_debt": null,
      "short_term_debt": null,
      "long_term_debt": null,
      "total_current_liabilities": 2902437.0,
      "stockholders_equity": 309898444.0,
      "retained_earnings": -10102460.0,
      "cash_and_equivalents": 2707252.0,
      "inventory": null,
      "accounts_receivable": null
    },
    "cash_flow": {
      "operating_cash_flow": 25406000.0,
      "capital_expenditure": 2771000.0,
      "free_cash_flow": 28177000.0,
      "financing_cash_flow": 640000.0,
      "investing_cash_flow": -2771000.0,
      "dividends_paid": null,
      "change_in_cash": null
    }
  },
  "2021-03-31": {
    "income_statement": {
      "total_revenue": 23177000.0,
      "net_interest_income": null,
      "net_income": -26855000.0,
      "gross_profit": 3496000.0,
      "operating_income": -26925000.0,
      "ebitda": -26041000.0,
      "research_development": 17090000.0,
      "selling_general_admin": 13331000.0,
      "interest_expense": null,
      "income_before_tax": -26855000.0
    },
    "balance_sheet": {
      "total_assets": 324159830.0,
      "total_current_assets": 4158761.0,
      "total_debt": null,
      "short_term_debt": null,
      "long_term_debt": null,
      "total_current_liabilities": 549240.0,
      "stockholders_equity": 312410590.0,
      "retained_earnings": -7590314.0,
      "cash_and_equivalents": 1986135.0,
      "inventory": -724054.0,
      "accounts_receivable": 724054.0
    },
    "cash_flow": {
      "operating_cash_flow": 24728000.0,
      "capital_expenditure": 1363000.0,
      "free_cash_flow": 26091000.0,
      "financing_cash_flow": 323555688.0,
      "investing_cash_flow": -1363000.0,
      "dividends_paid": null,
      "change_in_cash": null
    }
  },
  "2020-12-31": {
    "income_statement": {
      "total_revenue": 5542000.0,
      "net_interest_income": null,
      "net_income": -26203000.0,
      "gross_profit": -565000.0,
      "operating_income": -26186000.0,
      "ebitda": -25245000.0,
      "research_development": 14452000.0,
      "selling_general_admin": null,
      "interest_expense": null,
      "income_before_tax": -26203000.0
    },
    "balance_sheet": {
      "total_assets": 132904.0,
      "total_current_assets": 58264000.0,
      "total_debt": null,
      "short_term_debt": null,
      "long_term_debt": null,
      "total_current_liabilities": null,
      "stockholders_equity": -184076000.0,
      "retained_earnings": null,
      "cash_and_equivalents": -58264000.0,
      "inventory": null,
      "accounts_receivable": null
    },
    "cash_flow": {
      "operating_cash_flow": 45890000.0,
      "capital_expenditure": 1199000.0,
      "free_cash_flow": 47089000.0,
      "financing_cash_flow": 86898000.0,
      "investing_cash_flow": -1199000.0,
      "dividends_paid": null,
      "change_in_cash": null
    }
  }
}