{
  "2025-03-31": {
    "income_statement": {
      "total_revenue": 1337000000.0,
      "net_interest_income": null,
      "net_income": 56000000.0,
      "gross_profit": 346000000.0,
      "operating_income": 43000000.0,
      "ebitda": 69000000.0,
      "research_development": 84000000.0,
      "selling_general_admin": 79000000.0,
      "interest_expense": null,
      "income_before_tax": 58000000.0
    },
    "balance_sheet": {
      "total_assets": 2564000000.0,
      "total_current_assets": 2122000000.0,
      "total_debt": 22000000.0,
      "short_term_debt": null,
      "long_term_debt": null,
      "total_current_liabilities": 844000000.0,
      "stockholders_equity": 1673000000.0,
      "retained_earnings": -1548000000.0,
      "cash_and_equivalents": 1005000000.0,
      "inventory": 111000000.0,
      "accounts_receivable": 118000000.0
    },
    "cash_flow": {
      "operating_cash_flow": 79000000.0,
      "capital_expenditure": 10000000.0,
      "free_cash_flow": 89000000.0,
      "financing_cash_flow": 73000000.0,
      "investing_cash_flow": 22000000.0,
      "dividends_paid": null,
      "change_in_cash": null
    }
  },
  "2024-12-31": {
    "income_statement": {
      "total_revenue": 1338000000.0,
      "net_interest_income": 12000000.0,
      "net_income": 32000000.0,
      "gross_profit": 333000000.0,
      "operating_income": 32000000.0,
      "ebitda": 43000000.0,
      "research_development": 93000000.0,
      "selling_general_admin": 78000000.0,
      "interest_expense": null,
      "income_before_tax": 33000000.0
    },
    "balance_sheet": {
      "total_assets": 2408000000.0,
      "total_current_assets": 1975000000.0,
      "total_debt": 24000000.0,
      "short_term_debt": null,
      "long_term_debt": null,
      "total_current_liabilities": 811000000.0,
      "stockholders_equity": 1545000000.0,
      "retained_earnings": -1604000000.0,
      "cash_and_equivalents": 903000000.0,
      "inventory": 118000000.0,
      "accounts_receivable": 115000000.0
    },
    "cash_flow": {
      "operating_cash_flow": 147000000.0,
      "capital_expenditure": 13000000.0,
      "free_cash_flow": 160000000.0,
      "financing_cash_flow": 11000000.0,
      "investing_cash_flow": -15000000.0,
      "dividends_paid": null,
      "change_in_cash": null
    }
  },
  "2024-09-30": {
    "income_statement": {
      "total_revenue": 1305000000.0,
      "net_interest_income": 9000000.0,
      "net_income": 56000000.0,
      "gross_profit": 322000000.0,
      "operating_income": 34000000.0,
      "ebitda": 34000000.0,
      "research_development": 89000000.0,
      "selling_general_admin": 80000000.0,
      "interest_expense": null,
      "income_before_tax": 57000000.0
    },
    "balance_sheet": {
      "total_assets": 2227000000.0,
      "total_current_assets": 1802000000.0,
      "total_debt": 38000000.0,
      "short_term_debt": null,
      "long_term_debt": null,
      "total_current_liabilities": 748000000.0,
      "stockholders_equity": 1420000000.0,
      "retained_earnings": -1636000000.0,
      "cash_and_equivalents": 761000000.0,
      "inventory": 106000000.0,
      "accounts_receivable": 174000000.0
    },
    "cash_flow": {
      "operating_cash_flow": 109000000.0,
      "capital_expenditure": 12000000.0,
      "free_cash_flow": 121000000.0,
      "financing_cash_flow": -40000000.0,
      "investing_cash_flow": 9000000.0,
      "dividends_paid": null,
      "change_in_cash": null
    }
  },
  "2024-06-30": {
    "income_statement": {
      "total_revenue": 1242000000.0,
      "net_interest_income": 10000000.0,
      "net_income": 14000000.0,
      "gross_profit": 286000000.0,
      "operating_income": 9000000.0,
      "ebitda": 21000000.0,
      "research_development": 87000000.0,
      "selling_general_admin": 75000000.0,
      "interest_expense": null,
      "income_before_tax": 14000000.0
    },
    "balance_sheet": {
      "total_assets": 2155000000.0,
      "total_current_assets": 1672000000.0,
      "total_debt": 40000000.0,
      "short_term_debt": null,
      "long_term_debt": null,
      "total_current_liabilities": 736000000.0,
      "stockholders_equity": 1283000000.0,
      "retained_earnings": -1692000000.0,
      "cash_and_equivalents": 691000000.0,
      "inventory": 110000000.0,
      "accounts_receivable": 171000000.0
    },
    "cash_flow": {
      "operating_cash_flow": 124000000.0,
      "capital_expenditure": 16000000.0,
      "free_cash_flow": 140000000.0,
      "financing_cash_flow": -26000000.0,
      "investing_cash_flow": -4000000.0,
      "dividends_paid": null,
      "change_in_cash": null
    }
  },
  "2024-03-31": {
    "income_statement": {
      "total_revenue": 1075000000.0,
      "net_interest_income": null,
      "net_income": -83000000.0,
      "gross_profit": 249000000.0,
      "operating_income": -56000000.0,
      "ebitda": -4000000.0,
      "research_development": 83000000.0,
      "selling_general_admin": 74000000.0,
      "interest_expense": null,
      "income_before_tax": -82000000.0
    },
    "balance_sheet": {
      "total_assets": 2052000000.0,
      "total_current_assets": 1651000000.0,
      "total_debt": 41000000.0,
      "short_term_debt": null,
      "long_term_debt": null,
      "total_current_liabilities": 713000000.0,
      "stockholders_equity": 1203000000.0,
      "retained_earnings": -1706000000.0,
      "cash_and_equivalents": 578000000.0,
      "inventory": 120000000.0,
      "accounts_receivable": 157000000.0
    },
    "cash_flow": {
      "operating_cash_flow": -20000000.0,
      "capital_expenditure": 13000000.0,
      "free_cash_flow": -7000000.0,
      "financing_cash_flow": 73000000.0,
      "investing_cash_flow": -29000000.0,
      "dividends_paid": null,
      "change_in_cash": null
    }
  },
  "2023-12-31": {
    "income_statement": {
      "total_revenue": 1036000000.0,
      "net_interest_income": null,
      "net_income": -36000000.0,
      "gross_profit": 223000000.0,
      "operating_income": -56000000.0,
      "ebitda": -46000000.0,
      "research_development": 93000000.0,
      "selling_general_admin": 86000000.0,
      "interest_expense": 29000000.0,
      "income_before_tax": -35000000.0
    },
    "balance_sheet": {
      "total_assets": 1958000000.0,
      "total_current_assets": 1510000000.0,
      "total_debt": 44000000.0,
      "short_term_debt": null,
      "long_term_debt": null,
      "total_current_liabilities": 663000000.0,
      "stockholders_equity": 1194000000.0,
      "retained_earnings": -1623000000.0,
      "cash_and_equivalents": 605000000.0,
      "inventory": 124000000.0,
      "accounts_receivable": 127000000.0
    },
    "cash_flow": {
      "operating_cash_flow": 92000000.0,
      "capital_expenditure": 11000000.0,
      "free_cash_flow": 103000000.0,
      "financing_cash_flow": 5000000.0,
      "investing_cash_flow": -1000000.0,
      "dividends_paid": null,
      "change_in_cash": null
    }
  },
  "2023-09-30": {
    "income_statement": {
      "total_revenue": 1032000000.0,
      "net_interest_income": 10000000.0,
      "net_income": -31000000.0,
      "gross_profit": 226000000.0,
      "operating_income": -59000000.0,
      "ebitda": -53000000.0,
      "research_development": 87000000.0,
      "selling_general_admin": 98000000.0,
      "interest_expense": null,
      "income_before_tax": -31000000.0
    },
    "balance_sheet": {
      "total_assets": 1834000000.0,
      "total_current_assets": 1480000000.0,
      "total_debt": 32000000.0,
      "short_term_debt": null,
      "long_term_debt": null,
      "total_current_liabilities": 574000000.0,
      "stockholders_equity": 1149000000.0,
      "retained_earnings": -1587000000.0,
      "cash_and_equivalents": 514000000.0,
      "inventory": 98000000.0,
      "accounts_receivable": 95000000.0
    },
    "cash_flow": {
      "operating_cash_flow": 47000000.0,
      "capital_expenditure": 10000000.0,
      "free_cash_flow": 57000000.0,
      "financing_cash_flow": 12000000.0,
      "investing_cash_flow": -31000000.0,
      "dividends_paid": null,
      "change_in_cash": null
    }
  },
  "2023-06-30": {
    "income_statement": {
      "total_revenue": 978000000.0,
      "net_interest_income": 9000000.0,
      "net_income": -98000000.0,
      "gross_profit": 208000000.0,
      "operating_income": -80000000.0,
      "ebitda": -72000000.0,
      "research_development": 92000000.0,
      "selling_general_admin": 96000000.0,
      "interest_expense": 9000000.0,
      "income_before_tax": -97000000.0
    },
    "balance_sheet": {
      "total_assets": 1795000000.0,
      "total_current_assets": 1455000000.0,
      "total_debt": 33000000.0,
      "short_term_debt": null,
      "long_term_debt": null,
      "total_current_liabilities": 584000000.0,
      "stockholders_equity": 1079000000.0,
      "retained_earnings": -1556000000.0,
      "cash_and_equivalents": 488000000.0,
      "inventory": 107000000.0,
      "accounts_receivable": 115000000.0
    },
    "cash_flow": {
      "operating_cash_flow": 50000000.0,
      "capital_expenditure": 11000000.0,
      "free_cash_flow": 61000000.0,
      "financing_cash_flow": -2000000.0,
      "investing_cash_flow": -12000000.0,
      "dividends_paid": null,
      "change_in_cash": 36000000.0
    }
  },
  "2023-03-31": {
    "income_statement": {
      "total_revenue": 819000000.0,
      "net_interest_income": null,
      "net_income": -62000000.0,
      "gross_profit": 174000000.0,
      "operating_income": -92000000.0,
      "ebitda": -86000000.0,
      "research_development": 85000000.0,
      "selling_general_admin": 82000000.0,
      "interest_expense": 8000000.0,
      "income_before_tax": -81000000.0
    },
    "balance_sheet": {
      "total_assets": 1795000000.0,
      "total_current_assets": 1408000000.0,
      "total_debt": 92000000.0,
      "short_term_debt": null,
      "long_term_debt": null,
      "total_current_liabilities": 538000000.0,
      "stockholders_equity": 1098000000.0,
      "retained_earnings": -1458000000.0,
      "cash_and_equivalents": 451000000.0,
      "inventory": 112000000.0,
      "accounts_receivable": 97000000.0
    },
    "cash_flow": {
      "operating_cash_flow": -55000000.0,
      "capital_expenditure": 10000000.0,
      "free_cash_flow": -45000000.0,
      "financing_cash_flow": 48000000.0,
      "investing_cash_flow": -42000000.0,
      "dividends_paid": null,
      "change_in_cash": -49000000.0
    }
  },
  "2022-12-31": {
    "income_statement": {
      "total_revenue": 769000000.0,
      "net_interest_income": 6000000.0,
      "net_income": -99000000.0,
      "gross_profit": 158000000.0,
      "operating_income": -99000000.0,
      "ebitda": -93000000.0,
      "research_development": 79000000.0,
      "selling_general_admin": 91000000.0,
      "interest_expense": 6000000.0,
      "income_before_tax": -97000000.0
    },
    "balance_sheet": {
      "total_assets": 1761000000.0,
      "total_current_assets": 1407000000.0,
      "total_debt": 94000000.0,
      "short_term_debt": null,
      "long_term_debt": null,
      "total_current_liabilities": 496000000.0,
      "stockholders_equity": 1098000000.0,
      "retained_earnings": -1377000000.0,
      "cash_and_equivalents": 547000000.0,
      "inventory": 110000000.0,
      "accounts_receivable": 77000000.0
    },
    "cash_flow": {
      "operating_cash_flow": -19000000.0,
      "capital_expenditure": 10000000.0,
      "free_cash_flow": -9000000.0,
      "financing_cash_flow": 2000000.0,
      "investing_cash_flow": -73000000.0,
      "dividends_paid": null,
      "change_in_cash": -90000000.0
    }
  },
  "2022-09-30": {
    "income_statement": {
      "total_revenue": 752000000.0,
      "net_interest_income": 3000000.0,
      "net_income": -98000000.0,
      "gross_profit": 151000000.0,
      "operating_income": -85000000.0,
      "ebitda": -79000000.0,
      "research_development": 74000000.0,
      "selling_general_admin": 78000000.0,
      "interest_expense": 3000000.0,
      "income_before_tax": -102000000.0
    },
    "balance_sheet": {
      "total_assets": 1741000000.0,
      "total_current_assets": 1402000000.0,
      "total_debt": 94000000.0,
      "short_term_debt": null,
      "long_term_debt": null,
      "total_current_liabilities": 457000000.0,
      "stockholders_equity": 1119000000.0,
      "retained_earnings": -1277000000.0,
      "cash_and_equivalents": 644000000.0,
      "inventory": 95000000.0,
      "accounts_receivable": 78000000.0
    },
    "cash_flow": {
      "operating_cash_flow": -69000000.0,
      "capital_expenditure": 11000000.0,
      "free_cash_flow": -58000000.0,
      "financing_cash_flow": -6000000.0,
      "investing_cash_flow": 17000000.0,
      "dividends_paid": null,
      "change_in_cash": -58000000.0
    }
  },
  "2022-06-30": {
    "income_statement": {
      "total_revenue": 675000000.0,
      "net_interest_income": 1000000.0,
      "net_income": -9000000.0,
      "gross_profit": 113000000.0,
      "operating_income": -99000000.0,
      "ebitda": -93000000.0,
      "research_development": 67000000.0,
      "selling_general_admin": 68000000.0,
      "interest_expense": 1000000.0,
      "income_before_tax": -54000000.0
    },
    "balance_sheet": {
      "total_assets": 1750000000.0,
      "total_current_assets": 1486000000.0,
      "total_debt": 92000000.0,
      "short_term_debt": null,
      "long_term_debt": null,
      "total_current_liabilities": 457000000.0,
      "stockholders_equity": 1150000000.0,
      "retained_earnings": -1179000000.0,
      "cash_and_equivalents": 697000000.0,
      "inventory": 62000000.0,
      "accounts_receivable": 68000000.0
    },
    "cash_flow": {
      "operating_cash_flow": -21000000.0,
      "capital_expenditure": 9000000.0,
      "free_cash_flow": -12000000.0,
      "financing_cash_flow": 13000000.0,
      "investing_cash_flow": -39000000.0,
      "dividends_paid": null,
      "change_in_cash": -47000000.0
    }
  },
  "2022-03-31": {
    "income_statement": {
      "total_revenue": 535000000.0,
      "net_interest_income": null,
      "net_income": 55000000.0,
      "gross_profit": 89000000.0,
      "operating_income": -101000000.0,
      "ebitda": -95000000.0,
      "research_development": 62000000.0,
      "selling_general_admin": 57000000.0,
      "interest_expense": 1000000.0,
      "income_before_tax": -23000000.0
    },
    "balance_sheet": {
      "total_assets": 1734000000.0,
      "total_current_assets": 1477000000.0,
      "total_debt": 95000000.0,
      "short_term_debt": null,
      "long_term_debt": null,
      "total_current_liabilities": 404000000.0,
      "stockholders_equity": 1143000000.0,
      "retained_earnings": -1125000000.0,
      "cash_and_equivalents": 757000000.0,
      "inventory": 44000000.0,
      "accounts_receivable": 56000000.0
    },
    "cash_flow": {
      "operating_cash_flow": -47000000.0,
      "capital_expenditure": 3000000.0,
      "free_cash_flow": -44000000.0,
      "financing_cash_flow": 29000000.0,
      "investing_cash_flow": -3000000.0,
      "dividends_paid": null,
      "change_in_cash": -21000000.0
    }
  },
  "2021-12-31": {
    "income_statement": {
      "total_revenue": 512000000.0,
      "net_interest_income": 61000.0,
      "net_income": 2000000.0,
      "gross_profit": 73000000.0,
      "operating_income": -116000000.0,
      "ebitda": 8000000.0,
      "research_development": 50000000.0,
      "selling_general_admin": 79000000.0,
      "interest_expense": 24247000.0,
      "income_before_tax": 3000000.0
    },
    "balance_sheet": {
      "total_assets": 1735000000.0,
      "total_current_assets": 1485000000.0,
      "total_debt": 99000000.0,
      "short_term_debt": null,
      "long_term_debt": null,
      "total_current_liabilities": 352000000.0,
      "stockholders_equity": 1091000000.0,
      "retained_earnings": -1102000000.0,
      "cash_and_equivalents": 809000000.0,
      "inventory": 42000000.0,
      "accounts_receivable": 55000000.0
    },
    "cash_flow": {
      "operating_cash_flow": -32000000.0,
      "capital_expenditure": 2000000.0,
      "free_cash_flow": -30000000.0,
      "financing_cash_flow": 3000000.0,
      "investing_cash_flow": -461000000.0,
      "dividends_paid": null,
      "change_in_cash": null
    }
  },
  "2021-09-30": {
    "income_statement": {
      "total_revenue": 486379000.0,
      "net_interest_income": 8000.0,
      "net_income": -252497000.0,
      "gross_profit": 83254000.0,
      "operating_income": -53701000.0,
      "ebitda": -49000000.0,
      "research_development": 39700000.0,
      "selling_general_admin": 40633000.0,
      "interest_expense": 247000.0,
      "income_before_tax": -252368000.0
    },
    "balance_sheet": {
      "total_assets": 1657253000.0,
      "total_current_assets": 1496915000.0,
      "total_debt": 838000.0,
      "short_term_debt": null,
      "long_term_debt": null,
      "total_current_liabilities": 286779000.0,
      "stockholders_equity": 1009474000.0,
      "retained_earnings": -1103013000.0,
      "cash_and_equivalents": 1301619000.0,
      "inventory": 38665000.0,
      "accounts_receivable": 53139000.0
    },
    "cash_flow": {
      "operating_cash_flow": -17248000.0,
      "capital_expenditure": 3875000.0,
      "free_cash_flow": -13373000.0,
      "financing_cash_flow": 957256000.0,
      "investing_cash_flow": -3884000.0,
      "dividends_paid": null,
      "change_in_cash": null
    }
  },
  "2021-06-30": {
    "income_statement": {
      "total_revenue": 426000000.0,
      "net_interest_income": null,
      "net_income": -135000000.0,
      "gross_profit": 89000000.0,
      "operating_income": -51000000.0,
      "ebitda": -127991000.0,
      "research_development": 50000000.0,
      "selling_general_admin": 49000000.0,
      "interest_expense": 6000000.0,
      "income_before_tax": -139000000.0
    },
    "balance_sheet": {
      "total_assets": 696160000.0,
      "total_current_assets": 534815000.0,
      "total_debt": 849803000.0,
      "short_term_debt": null,
      "long_term_debt": null,
      "total_current_liabilities": 252596000.0,
      "stockholders_equity": -615146000.0,
      "retained_earnings": -850516000.0,
      "cash_and_equivalents": 376149000.0,
      "inventory": 33963000.0,
      "accounts_receivable": 49068000.0
    },
    "cash_flow": {
      "operating_cash_flow": 56218000.0,
      "capital_expenditure": 4407000.0,
      "free_cash_flow": 60625000.0,
      "financing_cash_flow": -213342000.0,
      "investing_cash_flow": -30540000.0,
      "dividends_paid": null,
      "change_in_cash": null
    }
  },
  "2021-03-31": {
    "income_statement": {
      "total_revenue": 282000000.0,
      "net_interest_income": null,
      "net_income": -99000000.0,
      "gross_profit": 69000000.0,
      "operating_income": -5000000.0,
      "ebitda": -89311000.0,
      "research_development": 23000000.0,
      "selling_general_admin": 19000000.0,
      "interest_expense": 6000000.0,
      "income_before_tax": -99000000.0
    },
    "balance_sheet": {
      "total_assets": null,
      "total_current_assets": 582000000.0,
      "total_debt": null,
      "short_term_debt": null,
      "long_term_debt": null,
      "total_current_liabilities": null,
      "stockholders_equity": 378000000.0,
      "retained_earnings": null,
      "cash_and_equivalents": -582000000.0,
      "inventory": null,
      "accounts_receivable": null
    },
    "cash_flow": {
      "operating_cash_flow": -5000000.0,
      "capital_expenditure": 8000000.0,
      "free_cash_flow": 3000000.0,
      "financing_cash_flow": 12000000.0,
      "investing_cash_flow": -8000000.0,
      "dividends_paid": null,
      "change_in_cash": null
    }
  },
  "2020-12-31": {
    "income_statement": {
      "total_revenue": 242535000.0,
      "net_interest_income": 23000.0,
      "net_income": -61048000.0,
      "gross_profit": 47107000.0,
      "operating_income": -56911000.0,
      "ebitda": -37482000.0,
      "research_development": 29916000.0,
      "selling_general_admin": 39103000.0,
      "interest_expense": 5805000.0,
      "income_before_tax": -60856000.0
    },
    "balance_sheet": {
      "total_assets": 775956000.0,
      "total_current_assets": 673064000.0,
      "total_debt": 171709000.0,
      "short_term_debt": null,
      "long_term_debt": 171709000.0,
      "total_current_liabilities": 136406000.0,
      "stockholders_equity": -470976000.0,
      "retained_earnings": -615866000.0,
      "cash_and_equivalents": 581824000.0,
      "inventory": 19330000.0,
      "accounts_receivable": 33000000.0
    },
    "cash_flow": {
      "operating_cash_flow": -38003000.0,
      "capital_expenditure": 7828000.0,
      "free_cash_flow": -30175000.0,
      "financing_cash_flow": -1307000.0,
      "investing_cash_flow": 5771000.0,
      "dividends_paid": 2322000.0,
      "change_in_cash": null
    }
  },
  "2020-09-30": {
    "income_statement": {
      "total_revenue": 236757000.0,
      "net_interest_income": 137000.0,
      "net_income": -62608000.0,
      "gross_profit": 48320000.0,
      "operating_income": -38651000.0,
      "ebitda": -53702000.0,
      "research_development": 34274000.0,
      "selling_general_admin": 20481000.0,
      "interest_expense": 5661000.0,
      "income_before_tax": -62481000.0
    },
    "balance_sheet": {
      "total_assets": null,
      "total_current_assets": null,
      "total_debt": null,
      "short_term_debt": null,
      "long_term_debt": null,
      "total_current_liabilities": null,
      "stockholders_equity": null,
      "retained_earnings": null,
      "cash_and_equivalents": null,
      "inventory": null,
      "accounts_receivable": null
    },
    "cash_flow": {
      "operating_cash_flow": 11189000.0,
      "capital_expenditure": 10788000.0,
      "free_cash_flow": 21977000.0,
      "financing_cash_flow": 7005000.0,
      "investing_cash_flow": -10542000.0,
      "dividends_paid": 781000.0,
      "change_in_cash": null
    }
  },
  "2020-06-30": {
    "income_statement": {
      "total_revenue": 145193000.0,
      "net_interest_income": null,
      "net_income": -53722000.0,
      "gross_profit": 28392000.0,
      "operating_income": -53106000.0,
      "ebitda": -50809500.0,
      "research_development": 20214000.0,
      "selling_general_admin": 31372000.0,
      "interest_expense": null,
      "income_before_tax": -53722000.0
    },
    "balance_sheet": {
      "total_assets": null,
      "total_current_assets": null,
      "total_debt": null,
      "short_term_debt": null,
      "long_term_debt": null,
      "total_current_liabilities": null,
      "stockholders_equity": null,
      "retained_earnings": null,
      "cash_and_equivalents": null,
      "inventory": null,
      "accounts_receivable": null
    },
    "cash_flow": {
      "operating_cash_flow": -48909500.0,
      "capital_expenditure": 13287000.0,
      "free_cash_flow": -35622500.0,
      "financing_cash_flow": 294400000.0,
      "investing_cash_flow": -15544500.0,
      "dividends_paid": null,
      "change_in_cash": null
    }
  }
}