{
  "2025-06-30": {
    "income_statement": {
      "total_revenue": 22496000000.0,
      "net_interest_income": 392000000.0,
      "net_income": 1172000000.0,
      "gross_profit": 3878000000.0,
      "operating_income": 923000000.0,
      "ebitda": 3068000000.0,
      "research_development": 1589000000.0,
      "selling_general_admin": 1366000000.0,
      "interest_expense": 86000000.0,
      "income_before_tax": 1549000000.0
    },
    "balance_sheet": {
      "total_assets": 128567000000.0,
      "total_current_assets": 61133000000.0,
      "total_debt": 13134000000.0,
      "short_term_debt": null,
      "long_term_debt": 4994000000.0,
      "total_current_liabilities": 30008000000.0,
      "stockholders_equity": 77314000000.0,
      "retained_earnings": 36790000000.0,
      "cash_and_equivalents": 15587000000.0,
      "inventory": 14570000000.0,
      "accounts_receivable": 3838000000.0
    },
    "cash_flow": {
      "operating_cash_flow": 2540000000.0,
      "capital_expenditure": 2394000000.0,
      "free_cash_flow": 4934000000.0,
      "financing_cash_flow": -222000000.0,
      "investing_cash_flow": -2944000000.0,
      "dividends_paid": null,
      "change_in_cash": null
    }
  },
  "2025-03-31": {
    "income_statement": {
      "total_revenue": 19335000000.0,
      "net_interest_income": 400000000.0,
      "net_income": 409000000.0,
      "gross_profit": 3153000000.0,
      "operating_income": 399000000.0,
      "ebitda": 2127000000.0,
      "research_development": 1409000000.0,
      "selling_general_admin": 1251000000.0,
      "interest_expense": 91000000.0,
      "income_before_tax": 589000000.0
    },
    "balance_sheet": {
      "total_assets": 125111000000.0,
      "total_current_assets": 59389000000.0,
      "total_debt": 13128000000.0,
      "short_term_debt": null,
      "long_term_debt": 5080000000.0,
      "total_current_liabilities": 29753000000.0,
      "stockholders_equity": 74653000000.0,
      "retained_earnings": 35618000000.0,
      "cash_and_equivalents": 16352000000.0,
      "inventory": 13706000000.0,
      "accounts_receivable": 3782000000.0
    },
    "cash_flow": {
      "operating_cash_flow": 2156000000.0,
      "capital_expenditure": 1492000000.0,
      "free_cash_flow": 3648000000.0,
      "financing_cash_flow": -332000000.0,
      "investing_cash_flow": -1651000000.0,
      "dividends_paid": null,
      "change_in_cash": null
    }
  },
  "2024-12-31": {
    "income_statement": {
      "total_revenue": 25707000000.0,
      "net_interest_income": 442000000.0,
      "net_income": 2356000000.0,
      "gross_profit": 4179000000.0,
      "operating_income": 1583000000.0,
      "ebitda": 4358000000.0,
      "research_development": 1276000000.0,
      "selling_general_admin": 1313000000.0,
      "interest_expense": 96000000.0,
      "income_before_tax": 2766000000.0
    },
    "balance_sheet": {
      "total_assets": 122070000000.0,
      "total_current_assets": 58360000000.0,
      "total_debt": 13623000000.0,
      "short_term_debt": null,
      "long_term_debt": 5535000000.0,
      "total_current_liabilities": 28821000000.0,
      "stockholders_equity": 72913000000.0,
      "retained_earnings": 35209000000.0,
      "cash_and_equivalents": 16139000000.0,
      "inventory": 12017000000.0,
      "accounts_receivable": 4418000000.0
    },
    "cash_flow": {
      "operating_cash_flow": 4814000000.0,
      "capital_expenditure": 2780000000.0,
      "free_cash_flow": 7594000000.0,
      "financing_cash_flow": 985000000.0,
      "investing_cash_flow": -7603000000.0,
      "dividends_paid": null,
      "change_in_cash": null
    }
  },
  "2024-09-30": {
    "income_statement": {
      "total_revenue": 25182000000.0,
      "net_interest_income": 429000000.0,
      "net_income": 2167000000.0,
      "gross_profit": 4997000000.0,
      "operating_income": 2717000000.0,
      "ebitda": 4224000000.0,
      "research_development": 1039000000.0,
      "selling_general_admin": 1186000000.0,
      "interest_expense": 92000000.0,
      "income_before_tax": 2784000000.0
    },
    "balance_sheet": {
      "total_assets": 119852000000.0,
      "total_current_assets": 56379000000.0,
      "total_debt": 12783000000.0,
      "short_term_debt": null,
      "long_term_debt": 5275000000.0,
      "total_current_liabilities": 30577000000.0,
      "stockholders_equity": 70710000000.0,
      "retained_earnings": 32656000000.0,
      "cash_and_equivalents": 18111000000.0,
      "inventory": 14530000000.0,
      "accounts_receivable": 3313000000.0
    },
    "cash_flow": {
      "operating_cash_flow": 6255000000.0,
      "capital_expenditure": 3513000000.0,
      "free_cash_flow": 9768000000.0,
      "financing_cash_flow": 132000000.0,
      "investing_cash_flow": -2875000000.0,
      "dividends_paid": null,
      "change_in_cash": null
    }
  },
  "2024-06-30": {
    "income_statement": {
      "total_revenue": 25500000000.0,
      "net_interest_income": 348000000.0,
      "net_income": 1400000000.0,
      "gross_profit": 4578000000.0,
      "operating_income": 1605000000.0,
      "ebitda": 3251000000.0,
      "research_development": 1074000000.0,
      "selling_general_admin": 1277000000.0,
      "interest_expense": 86000000.0,
      "income_before_tax": 1787000000.0
    },
    "balance_sheet": {
      "total_assets": 112832000000.0,
      "total_current_assets": 52977000000.0,
      "total_debt": 12515000000.0,
      "short_term_debt": null,
      "long_term_debt": 5338000000.0,
      "total_current_liabilities": 27729000000.0,
      "stockholders_equity": 67263000000.0,
      "retained_earnings": 30489000000.0,
      "cash_and_equivalents": 15009000000.0,
      "inventory": 14195000000.0,
      "accounts_receivable": 3737000000.0
    },
    "cash_flow": {
      "operating_cash_flow": 3612000000.0,
      "capital_expenditure": 2272000000.0,
      "free_cash_flow": 5884000000.0,
      "financing_cash_flow": 2540000000.0,
      "investing_cash_flow": -3225000000.0,
      "dividends_paid": null,
      "change_in_cash": null
    }
  },
  "2024-03-31": {
    "income_statement": {
      "total_revenue": 21301000000.0,
      "net_interest_income": 350000000.0,
      "net_income": 1390000000.0,
      "gross_profit": 3696000000.0,
      "operating_income": 1171000000.0,
      "ebitda": 2875000000.0,
      "research_development": 1151000000.0,
      "selling_general_admin": 1374000000.0,
      "interest_expense": 76000000.0,
      "income_before_tax": 1888000000.0
    },
    "balance_sheet": {
      "total_assets": 109226000000.0,
      "total_current_assets": 50535000000.0,
      "total_debt": 9911000000.0,
      "short_term_debt": null,
      "long_term_debt": 2739000000.0,
      "total_current_liabilities": 29453000000.0,
      "stockholders_equity": 65180000000.0,
      "retained_earnings": 29011000000.0,
      "cash_and_equivalents": 11805000000.0,
      "inventory": 16033000000.0,
      "accounts_receivable": 3887000000.0
    },
    "cash_flow": {
      "operating_cash_flow": 242000000.0,
      "capital_expenditure": 2777000000.0,
      "free_cash_flow": 3019000000.0,
      "financing_cash_flow": 196000000.0,
      "investing_cash_flow": -5084000000.0,
      "dividends_paid": null,
      "change_in_cash": null
    }
  },
  "2023-12-31": {
    "income_statement": {
      "total_revenue": 25167000000.0,
      "net_interest_income": 333000000.0,
      "net_income": 7930000000.0,
      "gross_profit": 4438000000.0,
      "operating_income": 2064000000.0,
      "ebitda": 3484000000.0,
      "research_development": 1094000000.0,
      "selling_general_admin": 1280000000.0,
      "interest_expense": 61000000.0,
      "income_before_tax": 2191000000.0
    },
    "balance_sheet": {
      "total_assets": 106618000000.0,
      "total_current_assets": 49616000000.0,
      "total_debt": 5230000000.0,
      "short_term_debt": null,
      "long_term_debt": 2682000000.0,
      "total_current_liabilities": 28748000000.0,
      "stockholders_equity": 63609000000.0,
      "retained_earnings": 27882000000.0,
      "cash_and_equivalents": 16398000000.0,
      "inventory": 13626000000.0,
      "accounts_receivable": 3508000000.0
    },
    "cash_flow": {
      "operating_cash_flow": 4370000000.0,
      "capital_expenditure": 2307000000.0,
      "free_cash_flow": 6677000000.0,
      "financing_cash_flow": 887000000.0,
      "investing_cash_flow": -4804000000.0,
      "dividends_paid": null,
      "change_in_cash": null
    }
  },
  "2023-09-30": {
    "income_statement": {
      "total_revenue": 23350000000.0,
      "net_interest_income": 244000000.0,
      "net_income": 1853000000.0,
      "gross_profit": 4178000000.0,
      "operating_income": 1764000000.0,
      "ebitda": 3318000000.0,
      "research_development": 1161000000.0,
      "selling_general_admin": 1253000000.0,
      "interest_expense": 38000000.0,
      "income_before_tax": 2045000000.0
    },
    "balance_sheet": {
      "total_assets": 93941000000.0,
      "total_current_assets": 45026000000.0,
      "total_debt": 4393000000.0,
      "short_term_debt": null,
      "long_term_debt": 2426000000.0,
      "total_current_liabilities": 26640000000.0,
      "stockholders_equity": 54495000000.0,
      "retained_earnings": 19954000000.0,
      "cash_and_equivalents": 15932000000.0,
      "inventory": 13721000000.0,
      "accounts_receivable": 2520000000.0
    },
    "cash_flow": {
      "operating_cash_flow": 3308000000.0,
      "capital_expenditure": 2459000000.0,
      "free_cash_flow": 5767000000.0,
      "financing_cash_flow": 2263000000.0,
      "investing_cash_flow": -4762000000.0,
      "dividends_paid": null,
      "change_in_cash": null
    }
  },
  "2023-06-30": {
    "income_statement": {
      "total_revenue": 24927000000.0,
      "net_interest_income": 238000000.0,
      "net_income": 2703000000.0,
      "gross_profit": 4533000000.0,
      "operating_income": 2399000000.0,
      "ebitda": 3553000000.0,
      "research_development": 943000000.0,
      "selling_general_admin": 1191000000.0,
      "interest_expense": 28000000.0,
      "income_before_tax": 2937000000.0
    },
    "balance_sheet": {
      "total_assets": 90591000000.0,
      "total_current_assets": 43875000000.0,
      "total_debt": 2331000000.0,
      "short_term_debt": null,
      "long_term_debt": 872000000.0,
      "total_current_liabilities": 27592000000.0,
      "stockholders_equity": 52182000000.0,
      "retained_earnings": 18101000000.0,
      "cash_and_equivalents": 15296000000.0,
      "inventory": 14356000000.0,
      "accounts_receivable": 3447000000.0
    },
    "cash_flow": {
      "operating_cash_flow": 3065000000.0,
      "capital_expenditure": 2060000000.0,
      "free_cash_flow": 5125000000.0,
      "financing_cash_flow": -328000000.0,
      "investing_cash_flow": -3534000000.0,
      "dividends_paid": null,
      "change_in_cash": null
    }
  },
  "2023-03-31": {
    "income_statement": {
      "total_revenue": 23329000000.0,
      "net_interest_income": 184000000.0,
      "net_income": 2513000000.0,
      "gross_profit": 4511000000.0,
      "operating_income": 2664000000.0,
      "ebitda": 3710000000.0,
      "research_development": 771000000.0,
      "selling_general_admin": 1076000000.0,
      "interest_expense": 29000000.0,
      "income_before_tax": 2800000000.0
    },
    "balance_sheet": {
      "total_assets": 86833000000.0,
      "total_current_assets": 42997000000.0,
      "total_debt": 2676000000.0,
      "short_term_debt": null,
      "long_term_debt": 1272000000.0,
      "total_current_liabilities": 27436000000.0,
      "stockholders_equity": 49235000000.0,
      "retained_earnings": 15398000000.0,
      "cash_and_equivalents": 16048000000.0,
      "inventory": 14375000000.0,
      "accounts_receivable": 2993000000.0
    },
    "cash_flow": {
      "operating_cash_flow": 2513000000.0,
      "capital_expenditure": 2073000000.0,
      "free_cash_flow": 4586000000.0,
      "financing_cash_flow": -233000000.0,
      "investing_cash_flow": -2484000000.0,
      "dividends_paid": null,
      "change_in_cash": -204000000.0
    }
  },
  "2022-12-31": {
    "income_statement": {
      "total_revenue": 24318000000.0,
      "net_interest_income": 157000000.0,
      "net_income": 3687000000.0,
      "gross_profit": 5777000000.0,
      "operating_income": 3901000000.0,
      "ebitda": 4890000000.0,
      "research_development": 810000000.0,
      "selling_general_admin": 4311000.0,
      "interest_expense": 33000000.0,
      "income_before_tax": 3983000000.0
    },
    "balance_sheet": {
      "total_assets": 82338000000.0,
      "total_current_assets": 40917000000.0,
      "total_debt": 3099000000.0,
      "short_term_debt": null,
      "long_term_debt": 1029000000.0,
      "total_current_liabilities": 26709000000.0,
      "stockholders_equity": 45898000000.0,
      "retained_earnings": 12885000000.0,
      "cash_and_equivalents": 16253000000.0,
      "inventory": 12839000000.0,
      "accounts_receivable": 2952000000.0
    },
    "cash_flow": {
      "operating_cash_flow": 3278000000.0,
      "capital_expenditure": 1858000000.0,
      "free_cash_flow": 5136000000.0,
      "financing_cash_flow": -495000000.0,
      "investing_cash_flow": -6131000000.0,
      "dividends_paid": null,
      "change_in_cash": null
    }
  },
  "2022-09-30": {
    "income_statement": {
      "total_revenue": 21454000000.0,
      "net_interest_income": 33000000.0,
      "net_income": 3292000000.0,
      "gross_profit": 5382000000.0,
      "operating_income": 3688000000.0,
      "ebitda": 4644000000.0,
      "research_development": 733000000.0,
      "selling_general_admin": 961000000.0,
      "interest_expense": 53000000.0,
      "income_before_tax": 3636000000.0
    },
    "balance_sheet": {
      "total_assets": 74426000000.0,
      "total_current_assets": 35990000000.0,
      "total_debt": 5874000000.0,
      "short_term_debt": null,
      "long_term_debt": 2096000000.0,
      "total_current_liabilities": 24611000000.0,
      "stockholders_equity": 41124000000.0,
      "retained_earnings": 9198000000.0,
      "cash_and_equivalents": 19532000000.0,
      "inventory": 10327000000.0,
      "accounts_receivable": 2192000000.0
    },
    "cash_flow": {
      "operating_cash_flow": 5100000000.0,
      "capital_expenditure": 1803000000.0,
      "free_cash_flow": 6903000000.0,
      "financing_cash_flow": -712000000.0,
      "investing_cash_flow": -2791000000.0,
      "dividends_paid": null,
      "change_in_cash": 1597000000.0
    }
  },
  "2022-06-30": {
    "income_statement": {
      "total_revenue": 16934000000.0,
      "net_interest_income": 26000000.0,
      "net_income": 2259000000.0,
      "gross_profit": 4234000000.0,
      "operating_income": 2464000000.0,
      "ebitda": 3386000000.0,
      "research_development": 667000000.0,
      "selling_general_admin": 961000000.0,
      "interest_expense": 44000000.0,
      "income_before_tax": 2474000000.0
    },
    "balance_sheet": {
      "total_assets": 68513000000.0,
      "total_current_assets": 31222000000.0,
      "total_debt": 6665000000.0,
      "short_term_debt": null,
      "long_term_debt": 2095000000.0,
      "total_current_liabilities": 21821000000.0,
      "stockholders_equity": 37658000000.0,
      "retained_earnings": 5908000000.0,
      "cash_and_equivalents": 18324000000.0,
      "inventory": 8108000000.0,
      "accounts_receivable": 2081000000.0
    },
    "cash_flow": {
      "operating_cash_flow": 2351000000.0,
      "capital_expenditure": 1730000000.0,
      "free_cash_flow": 4081000000.0,
      "financing_cash_flow": -406000000.0,
      "investing_cash_flow": -884000000.0,
      "dividends_paid": null,
      "change_in_cash": 1061000000.0
    }
  },
  "2022-03-31": {
    "income_statement": {
      "total_revenue": 18756000000.0,
      "net_interest_income": 28000000.0,
      "net_income": 3280000000.0,
      "gross_profit": 5460000000.0,
      "operating_income": 3603000000.0,
      "ebitda": 4483000000.0,
      "research_development": 865000000.0,
      "selling_general_admin": 992000000.0,
      "interest_expense": 61000000.0,
      "income_before_tax": 3626000000.0
    },
    "balance_sheet": {
      "total_assets": 66038000000.0,
      "total_current_assets": 29050000000.0,
      "total_debt": 7025000000.0,
      "short_term_debt": null,
      "long_term_debt": 2253000000.0,
      "total_current_liabilities": 21455000000.0,
      "stockholders_equity": 35406000000.0,
      "retained_earnings": 3649000000.0,
      "cash_and_equivalents": 17505000000.0,
      "inventory": 6691000000.0,
      "accounts_receivable": 2311000000.0
    },
    "cash_flow": {
      "operating_cash_flow": 3995000000.0,
      "capital_expenditure": 1781000000.0,
      "free_cash_flow": 5776000000.0,
      "financing_cash_flow": -1914000000.0,
      "investing_cash_flow": -2167000000.0,
      "dividends_paid": null,
      "change_in_cash": -86000000.0
    }
  },
  "2021-12-31": {
    "income_statement": {
      "total_revenue": 17719000000.0,
      "net_interest_income": 25000000.0,
      "net_income": 2343000000.0,
      "gross_profit": 4847000000.0,
      "operating_income": 2567000000.0,
      "ebitda": 3554000000.0,
      "research_development": 740000000.0,
      "selling_general_admin": 1494000000.0,
      "interest_expense": 71000000.0,
      "income_before_tax": 2635000000.0
    },
    "balance_sheet": {
      "total_assets": 62131000000.0,
      "total_current_assets": 27100000000.0,
      "total_debt": 6834000000.0,
      "short_term_debt": null,
      "long_term_debt": 4254000000.0,
      "total_current_liabilities": 19705000000.0,
      "stockholders_equity": 31015000000.0,
      "retained_earnings": 331000000.0,
      "cash_and_equivalents": 17576000000.0,
      "inventory": 5757000000.0,
      "accounts_receivable": 1913000000.0
    },
    "cash_flow": {
      "operating_cash_flow": 4585000000.0,
      "capital_expenditure": 1814000000.0,
      "free_cash_flow": 6399000000.0,
      "financing_cash_flow": -1257000000.0,
      "investing_cash_flow": -1916000000.0,
      "dividends_paid": null,
      "change_in_cash": 1412000000.0
    }
  },
  "2021-09-30": {
    "income_statement": {
      "total_revenue": 13757000000.0,
      "net_interest_income": 10000000.0,
      "net_income": 1618000000.0,
      "gross_profit": 3660000000.0,
      "operating_income": 2004000000.0,
      "ebitda": 2765000000.0,
      "research_development": 611000000.0,
      "selling_general_admin": 994000000.0,
      "interest_expense": 126000000.0,
      "income_before_tax": 1882000000.0
    },
    "balance_sheet": {
      "total_assets": 57834000000.0,
      "total_current_assets": 25002000000.0,
      "total_debt": 8154000000.0,
      "short_term_debt": null,
      "long_term_debt": 6438000000.0,
      "total_current_liabilities": 18051000000.0,
      "stockholders_equity": 28494000000.0,
      "retained_earnings": -1990000000.0,
      "cash_and_equivalents": 16065000000.0,
      "inventory": 5199000000.0,
      "accounts_receivable": 1962000000.0
    },
    "cash_flow": {
      "operating_cash_flow": 3147000000.0,
      "capital_expenditure": 1825000000.0,
      "free_cash_flow": 4972000000.0,
      "financing_cash_flow": -1381000000.0,
      "investing_cash_flow": -1855000000.0,
      "dividends_paid": null,
      "change_in_cash": -89000000.0
    }
  },
  "2021-06-30": {
    "income_statement": {
      "total_revenue": 11958000000.0,
      "net_interest_income": 11000000.0,
      "net_income": 1142000000.0,
      "gross_profit": 2884000000.0,
      "operating_income": 1312000000.0,
      "ebitda": 1993000000.0,
      "research_development": 576000000.0,
      "selling_general_admin": 973000000.0,
      "interest_expense": 75000000.0,
      "income_before_tax": 1293000000.0
    },
    "balance_sheet": {
      "total_assets": 55146000000.0,
      "total_current_assets": 24693000000.0,
      "total_debt": 11133000000.0,
      "short_term_debt": null,
      "long_term_debt": 6878000000.0,
      "total_current_liabilities": 16371000000.0,
      "stockholders_equity": 26250000000.0,
      "retained_earnings": -3608000000.0,
      "cash_and_equivalents": 16229000000.0,
      "inventory": 4733000000.0,
      "accounts_receivable": 2129000000.0
    },
    "cash_flow": {
      "operating_cash_flow": 2124000000.0,
      "capital_expenditure": 1515000000.0,
      "free_cash_flow": 3639000000.0,
      "financing_cash_flow": -1549000000.0,
      "investing_cash_flow": -1515000000.0,
      "dividends_paid": null,
      "change_in_cash": -940000000.0
    }
  },
  "2021-03-31": {
    "income_statement": {
      "total_revenue": 10389000000.0,
      "net_interest_income": 10000000.0,
      "net_income": 438000000.0,
      "gross_profit": 2215000000.0,
      "operating_income": 594000000.0,
      "ebitda": 1215000000.0,
      "research_development": 666000000.0,
      "selling_general_admin": 1056000000.0,
      "interest_expense": 99000000.0,
      "income_before_tax": 533000000.0
    },
    "balance_sheet": {
      "total_assets": 52972000000.0,
      "total_current_assets": 24705000000.0,
      "total_debt": 12511000000.0,
      "short_term_debt": null,
      "long_term_debt": 8019000000.0,
      "total_current_liabilities": 14877000000.0,
      "stockholders_equity": 24465000000.0,
      "retained_earnings": -4750000000.0,
      "cash_and_equivalents": 17141000000.0,
      "inventory": 4132000000.0,
      "accounts_receivable": 1890000000.0
    },
    "cash_flow": {
      "operating_cash_flow": 1641000000.0,
      "capital_expenditure": 2860000000.0,
      "free_cash_flow": 4501000000.0,
      "financing_cash_flow": -1016000000.0,
      "investing_cash_flow": -2582000000.0,
      "dividends_paid": null,
      "change_in_cash": -1957000000.0
    }
  },
  "2020-12-31": {
    "income_statement": {
      "total_revenue": 10744000000.0,
      "net_interest_income": 6000000.0,
      "net_income": 239000000.0,
      "gross_profit": 2066000000.0,
      "operating_income": 575000000.0,
      "ebitda": 1193000000.0,
      "research_development": 522000000.0,
      "selling_general_admin": 969000000.0,
      "interest_expense": 246000000.0,
      "income_before_tax": 379000000.0
    },
    "balance_sheet": {
      "total_assets": 52148000000.0,
      "total_current_assets": 26717000000.0,
      "total_debt": 11739000000.0,
      "short_term_debt": null,
      "long_term_debt": 9607000000.0,
      "total_current_liabilities": 14248000000.0,
      "stockholders_equity": 23679000000.0,
      "retained_earnings": -5399000000.0,
      "cash_and_equivalents": 19384000000.0,
      "inventory": 4101000000.0,
      "accounts_receivable": 1886000000.0
    },
    "cash_flow": {
      "operating_cash_flow": 3019000000.0,
      "capital_expenditure": 1169000000.0,
      "free_cash_flow": 4188000000.0,
      "financing_cash_flow": 2692000000.0,
      "investing_cash_flow": -1047000000.0,
      "dividends_paid": null,
      "change_in_cash": 4664000000.0
    }
  },
  "2020-09-30": {
    "income_statement": {
      "total_revenue": 8771000000.0,
      "net_interest_income": 6000000.0,
      "net_income": 331000000.0,
      "gross_profit": 2063000000.0,
      "operating_income": 809000000.0,
      "ebitda": 1393000000.0,
      "research_development": 366000000.0,
      "selling_general_admin": 888000000.0,
      "interest_expense": 163000000.0,
      "income_before_tax": 555000000.0
    },
    "balance_sheet": {
      "total_assets": 45691000000.0,
      "total_current_assets": 21744000000.0,
      "total_debt": 15163000000.0,
      "short_term_debt": null,
      "long_term_debt": 9476000000.0,
      "total_current_liabilities": 13302000000.0,
      "stockholders_equity": 17500000000.0,
      "retained_earnings": -5669000000.0,
      "cash_and_equivalents": 14531000000.0,
      "inventory": 4218000000.0,
      "accounts_receivable": 1757000000.0
    },
    "cash_flow": {
      "operating_cash_flow": 2400000000.0,
      "capital_expenditure": 1026000000.0,
      "free_cash_flow": 3426000000.0,
      "financing_cash_flow": 4450000000.0,
      "investing_cash_flow": -1039000000.0,
      "dividends_paid": null,
      "change_in_cash": 5811000000.0
    }
  }
}