{
  "2025-06-30": {
    "income_statement": {
      "total_revenue": 933792000000.0,
      "net_interest_income": 22723000000.0,
      "net_income": 398273000000.0,
      "gross_profit": 547369000000.0,
      "operating_income": 463423000000.0,
      "ebitda": 856233000000.0,
      "research_development": 61280000000.0,
      "selling_general_admin": 23228000000.0,
      "interest_expense": null,
      "income_before_tax": 493036000000.0
    },
    "balance_sheet": {
      "total_assets": 7006350000000.0,
      "total_current_assets": null,
      "total_debt": null,
      "short_term_debt": null,
      "long_term_debt": null,
      "total_current_liabilities": 1377310000000.0,
      "stockholders_equity": 4616630000000.0,
      "retained_earnings": null,
      "cash_and_equivalents": 2634430000000.0,
      "inventory": 304190000000.0,
      "accounts_receivable": 235690000000.0
    },
    "cash_flow": {
      "operating_cash_flow": 1122638000000.0,
      "capital_expenditure": 628053000000.0,
      "free_cash_flow": 1750691000000.0,
      "financing_cash_flow": -204366000000.0,
      "investing_cash_flow": -518681000000.0,
      "dividends_paid": 220419000000.0,
      "change_in_cash": null
    }
  },
  "2025-03-31": {
    "income_statement": {
      "total_revenue": 839254000000.0,
      "net_interest_income": 24859312000.0,
      "net_income": 361564128000.0,
      "gross_profit": 493395000000.0,
      "operating_income": 407081000000.0,
      "ebitda": 591629457000.0,
      "research_development": 56547493000.0,
      "selling_general_admin": 24883748000.0,
      "interest_expense": 2677274000.0,
      "income_before_tax": 430895000000.0
    },
    "balance_sheet": {
      "total_assets": 7133290000000.0,
      "total_current_assets": 3345663882000.0,
      "total_debt": 1081028355000.0,
      "short_term_debt": null,
      "long_term_debt": 986983899000.0,
      "total_current_liabilities": 1399800000000.0,
      "stockholders_equity": 4564162580000.0,
      "retained_earnings": 4162277269000.0,
      "cash_and_equivalents": 2394804250000.0,
      "inventory": 293390000000.0,
      "accounts_receivable": 243826874000.0
    },
    "cash_flow": {
      "operating_cash_flow": 625570000000.0,
      "capital_expenditure": 330830000000.0,
      "free_cash_flow": 956400000000.0,
      "financing_cash_flow": -87520000000.0,
      "investing_cash_flow": -270880000000.0,
      "dividends_paid": 103720000000.0,
      "change_in_cash": null
    }
  },
  "2024-12-31": {
    "income_statement": {
      "total_revenue": 868461000000.0,
      "net_interest_income": 24273341000.0,
      "net_income": 374680000000.0,
      "gross_profit": 512379000000.0,
      "operating_income": 425713000000.0,
      "ebitda": 596091000000.0,
      "research_development": 57232000000.0,
      "selling_general_admin": 25427009000.0,
      "interest_expense": 2523215000.0,
      "income_before_tax": 448798000000.0
    },
    "balance_sheet": {
      "total_assets": 6691938000000.0,
      "total_current_assets": 3088352000000.0,
      "total_debt": 986462000000.0,
      "short_term_debt": null,
      "long_term_debt": 926604000000.0,
      "total_current_liabilities": 1264525000000.0,
      "stockholders_equity": 4288545000000.0,
      "retained_earnings": 3917252000000.0,
      "cash_and_equivalents": 2127627000000.0,
      "inventory": 287869000000.0,
      "accounts_receivable": 272088000000.0
    },
    "cash_flow": {
      "operating_cash_flow": 620205000000.0,
      "capital_expenditure": 361949000000.0,
      "free_cash_flow": 982154000000.0,
      "financing_cash_flow": -100732000000.0,
      "investing_cash_flow": -311919000000.0,
      "dividends_paid": 103734000000.0,
      "change_in_cash": null
    }
  },
  "2024-09-30": {
    "income_statement": {
      "total_revenue": 759692143000.0,
      "net_interest_income": 22601654000.0,
      "net_income": 325257571000.0,
      "gross_profit": 439345666000.0,
      "operating_income": 360766289000.0,
      "ebitda": 555051199000.0,
      "research_development": 52783826000.0,
      "selling_general_admin": 22890591000.0,
      "interest_expense": 2635790000.0,
      "income_before_tax": 384186852000.0
    },
    "balance_sheet": {
      "total_assets": 6165660000000.0,
      "total_current_assets": 2710450000000.0,
      "total_debt": 936160000000.0,
      "short_term_debt": null,
      "long_term_debt": 936160000000.0,
      "total_current_liabilities": 1080400000000.0,
      "stockholders_equity": 3993174669000.0,
      "retained_earnings": 3346232000000.0,
      "cash_and_equivalents": 1886781000000.0,
      "inventory": 292880000000.0,
      "accounts_receivable": 249970000000.0
    },
    "cash_flow": {
      "operating_cash_flow": 391992467000.0,
      "capital_expenditure": 215006734000.0,
      "free_cash_flow": 606999201000.0,
      "financing_cash_flow": -83638287000.0,
      "investing_cash_flow": -195509921000.0,
      "dividends_paid": 90762539000.0,
      "change_in_cash": null
    }
  },
  "2024-06-30": {
    "income_statement": {
      "total_revenue": 673510177000.0,
      "net_interest_income": 20979233000.0,
      "net_income": 247845528000.0,
      "gross_profit": 358124478000.0,
      "operating_income": 286555542000.0,
      "ebitda": 474115309000.0,
      "research_development": 48057704000.0,
      "selling_general_admin": 19290282000.0,
      "interest_expense": 2638140000.0,
      "income_before_tax": 306310575000.0
    },
    "balance_sheet": {
      "total_assets": 5982364014000.0,
      "total_current_assets": 2591658093000.0,
      "total_debt": 997422613000.0,
      "short_term_debt": null,
      "long_term_debt": 974343663000.0,
      "total_current_liabilities": 1048915679999.0,
      "stockholders_equity": 3791402874000.0,
      "retained_earnings": 3438674715000.0,
      "cash_and_equivalents": 1799127351000.0,
      "inventory": 272490587000.0,
      "accounts_receivable": 210210419000.0
    },
    "cash_flow": {
      "operating_cash_flow": 377668210000.0,
      "capital_expenditure": 205674684000.0,
      "free_cash_flow": 583342894000.0,
      "financing_cash_flow": -90244583000.0,
      "investing_cash_flow": -197607330000.0,
      "dividends_paid": 90762248000.0,
      "change_in_cash": null
    }
  },
  "2024-03-31": {
    "income_statement": {
      "total_revenue": 592644201000.0,
      "net_interest_income": 19359172000.0,
      "net_income": 225484877000.0,
      "gross_profit": 314505269000.0,
      "operating_income": 249018306000.0,
      "ebitda": 428264621000.0,
      "research_development": 46108936000.0,
      "selling_general_admin": 16137086000.0,
      "interest_expense": 2698255000.0,
      "income_before_tax": 266543204000.0
    },
    "balance_sheet": {
      "total_assets": 5787891082000.0,
      "total_current_assets": 2452767394000.0,
      "total_debt": 1009462421000.0,
      "short_term_debt": null,
      "long_term_debt": 965560274000.0,
      "total_current_liabilities": 1026180079000.0,
      "stockholders_equity": 3635731930000.0,
      "retained_earnings": 2991108865000.0,
      "cash_and_equivalents": 1698195704000.0,
      "inventory": 267123338999.0,
      "accounts_receivable": 202059004000.0
    },
    "cash_flow": {
      "operating_cash_flow": 436311108000.0,
      "capital_expenditure": 183359795000.0,
      "free_cash_flow": 619670903000.0,
      "financing_cash_flow": -71685617000.0,
      "investing_cash_flow": -159806991000.0,
      "dividends_paid": 77796213000.0,
      "change_in_cash": null
    }
  },
  "2023-12-31": {
    "income_statement": {
      "total_revenue": 625529000000.0,
      "net_interest_income": 17408787000.0,
      "net_income": 238712000000.0,
      "gross_profit": 331768000000.0,
      "operating_income": 260205000000.0,
      "ebitda": 410853000000.0,
      "research_development": 50410000000.0,
      "selling_general_admin": 18235339000.0,
      "interest_expense": 2918637000.0,
      "income_before_tax": 278281000000.0
    },
    "balance_sheet": {
      "total_assets": 5532371215000.0,
      "total_current_assets": 2194032910000.0,
      "total_debt": 959068460000.0,
      "short_term_debt": null,
      "long_term_debt": 918282800000.0,
      "total_current_liabilities": 913583316000.0,
      "stockholders_equity": 3458913627000.0,
      "retained_earnings": 2882595798000.0,
      "cash_and_equivalents": 1465427753000.0,
      "inventory": 250997088000.0,
      "accounts_receivable": 202010236000.0
    },
    "cash_flow": {
      "operating_cash_flow": 404331237000.0,
      "capital_expenditure": 124759287000.0,
      "free_cash_flow": 529090524000.0,
      "financing_cash_flow": -69374322000.0,
      "investing_cash_flow": -147246548000.0,
      "dividends_paid": 77796213000.0,
      "change_in_cash": null
    }
  },
  "2023-09-30": {
    "income_statement": {
      "total_revenue": 546733000000.0,
      "net_interest_income": 13650000000.0,
      "net_income": 211000000000.0,
      "gross_profit": 296643000000.0,
      "operating_income": 228065000000.0,
      "ebitda": 228065000000.0,
      "research_development": 51137762000.0,
      "selling_general_admin": 17571000000.0,
      "interest_expense": 3111922000.0,
      "income_before_tax": 241940000000.0
    },
    "balance_sheet": {
      "total_assets": 5484556381000.0,
      "total_current_assets": 2082477636000.0,
      "total_debt": 974327930000.0,
      "short_term_debt": null,
      "long_term_debt": 937492473000.0,
      "total_current_liabilities": 970034816000.0,
      "stockholders_equity": 3348349657000.0,
      "retained_earnings": 2682157537000.0,
      "cash_and_equivalents": 1311806535000.0,
      "inventory": 262090072000.0,
      "accounts_receivable": 222906273000.0
    },
    "cash_flow": {
      "operating_cash_flow": 847138000000.0,
      "capital_expenditure": 779657000000.0,
      "free_cash_flow": 1626795000000.0,
      "financing_cash_flow": -129527000000.0,
      "investing_cash_flow": -773801000000.0,
      "dividends_paid": 213926000000.0,
      "change_in_cash": null
    }
  },
  "2023-06-30": {
    "income_statement": {
      "total_revenue": 480841000000.0,
      "net_interest_income": 11801000000.0,
      "net_income": 181799000000.0,
      "gross_profit": 260200000000.0,
      "operating_income": 201958000000.0,
      "ebitda": 325897000000.0,
      "research_development": 41665000000.0,
      "selling_general_admin": 14163389000.0,
      "interest_expense": 3005155000.0,
      "income_before_tax": 214675000000.0
    },
    "balance_sheet": {
      "total_assets": 5149465000000.0,
      "total_current_assets": 1959964000000.0,
      "total_debt": 945182070000.0,
      "short_term_debt": null,
      "long_term_debt": 901710000000.0,
      "total_current_liabilities": 810829000000.0,
      "stockholders_equity": 3188750000000.0,
      "retained_earnings": 2542570000000.0,
      "cash_and_equivalents": 1276724000000.0,
      "inventory": 234333000000.0,
      "accounts_receivable": 191027000000.0
    },
    "cash_flow": {
      "operating_cash_flow": 167248000000.0,
      "capital_expenditure": 250534000000.0,
      "free_cash_flow": 417782000000.0,
      "financing_cash_flow": -26589000000.0,
      "investing_cash_flow": -531558000000.0,
      "dividends_paid": 71309000000.0,
      "change_in_cash": null
    }
  },
  "2023-03-31": {
    "income_statement": {
      "total_revenue": 508632973000.0,
      "net_interest_income": 11693000000.0,
      "net_income": 233625311000.0,
      "gross_profit": 286500392000.0,
      "operating_income": 231238157000.0,
      "ebitda": 357561258000.0,
      "research_development": 44587023000.0,
      "selling_general_admin": 16957177000.0,
      "interest_expense": 3334985000.0,
      "income_before_tax": 295904000000.0
    },
    "balance_sheet": {
      "total_assets": 5045844348000.0,
      "total_current_assets": 1995727521000.0,
      "total_debt": 884770024000.0,
      "short_term_debt": null,
      "long_term_debt": 848638000000.0,
      "total_current_liabilities": 873089921000.0,
      "stockholders_equity": 3078233958000.0,
      "retained_earnings": 2773288070000.0,
      "cash_and_equivalents": 1385232810000.0,
      "inventory": 216067981000.0,
      "accounts_receivable": 148124287000.0
    },
    "cash_flow": {
      "operating_cash_flow": 486880000000.0,
      "capital_expenditure": 336800000000.0,
      "free_cash_flow": 823680000000.0,
      "financing_cash_flow": -65500000000.0,
      "investing_cash_flow": -272231795000.0,
      "dividends_paid": 71300000000.0,
      "change_in_cash": null
    }
  },
  "2022-12-31": {
    "income_statement": {
      "total_revenue": 625530000000.0,
      "net_interest_income": 9486470000.0,
      "net_income": 233625311000.0,
      "gross_profit": 389183047000.0,
      "operating_income": 324644923000.0,
      "ebitda": -64540000000.0,
      "research_development": 44587023000.0,
      "selling_general_admin": 16957177000.0,
      "interest_expense": 3334985000.0,
      "income_before_tax": 295904000000.0
    },
    "balance_sheet": {
      "total_assets": 4964778878000.0,
      "total_current_assets": 2052896744000.0,
      "total_debt": 888174472000.0,
      "short_term_debt": null,
      "long_term_debt": 839096486000.0,
      "total_current_liabilities": 944226817000.0,
      "stockholders_equity": 2945653195000.0,
      "retained_earnings": 2637524688000.0,
      "cash_and_equivalents": 1342814083000.0,
      "inventory": 221149148000.0,
      "accounts_receivable": 231408820000.0
    },
    "cash_flow": {
      "operating_cash_flow": 486880000000.0,
      "capital_expenditure": 336800000000.0,
      "free_cash_flow": 823680000000.0,
      "financing_cash_flow": -65500000000.0,
      "investing_cash_flow": -336800000000.0,
      "dividends_paid": 71308546000.0,
      "change_in_cash": null
    }
  },
  "2022-09-30": {
    "income_statement": {
      "total_revenue": 613142743000.0,
      "net_interest_income": 6615044000.0,
      "net_income": 280865780000.0,
      "gross_profit": 370498717000.0,
      "operating_income": 310324214000.0,
      "ebitda": 424381386000.0,
      "research_development": 42977507000.0,
      "selling_general_admin": 14499002000.0,
      "interest_expense": 3370018000.0,
      "income_before_tax": 316690867000.0
    },
    "balance_sheet": {
      "total_assets": 4643301766000.0,
      "total_current_assets": 2014232358000.0,
      "total_debt": 899050669000.0,
      "short_term_debt": null,
      "long_term_debt": 845441649000.0,
      "total_current_liabilities": 807431287000.0,
      "stockholders_equity": 2737974306000.0,
      "retained_earnings": 2066562035000.0,
      "cash_and_equivalents": 1296012784000.0,
      "inventory": 218335874000.0,
      "accounts_receivable": 261614451000.0
    },
    "cash_flow": {
      "operating_cash_flow": 412698167000.0,
      "capital_expenditure": 267635828000.0,
      "free_cash_flow": 680333995000.0,
      "financing_cash_flow": -130406753000.0,
      "investing_cash_flow": -284390325000.0,
      "dividends_paid": 71308546000.0,
      "change_in_cash": null
    }
  },
  "2022-06-30": {
    "income_statement": {
      "total_revenue": 534140808000.0,
      "net_interest_income": 3545945000.0,
      "net_income": 237027317000.0,
      "gross_profit": 315467994000.0,
      "operating_income": 262123749000.0,
      "ebitda": 381426917000.0,
      "research_development": 39649130000.0,
      "selling_general_admin": 11568594000.0,
      "interest_expense": 2904231000.0,
      "income_before_tax": 265998281000.0
    },
    "balance_sheet": {
      "total_assets": 4345941335000.0,
      "total_current_assets": 1905866396000.0,
      "total_debt": 895303802000.0,
      "short_term_debt": null,
      "long_term_debt": 757208596000.0,
      "total_current_liabilities": 845240981000.0,
      "stockholders_equity": 2496353192000.0,
      "retained_earnings": 1844911241000.0,
      "cash_and_equivalents": 1253189197000.0,
      "inventory": 217438091000.0,
      "accounts_receivable": 222069236000.0
    },
    "cash_flow": {
      "operating_cash_flow": 338849429000.0,
      "capital_expenditure": 220945293000.0,
      "free_cash_flow": 559794722000.0,
      "financing_cash_flow": 19080454000.0,
      "investing_cash_flow": -275932106000.0,
      "dividends_paid": 71309000000.0,
      "change_in_cash": null
    }
  },
  "2022-03-31": {
    "income_statement": {
      "total_revenue": 491075873000.0,
      "net_interest_income": 1259000000.0,
      "net_income": 166232291000.0,
      "gross_profit": 273203166000.0,
      "operating_income": 223790118000.0,
      "ebitda": 168433237000.0,
      "research_development": 32239000000.0,
      "selling_general_admin": 10500027000.0,
      "interest_expense": 2140766000.0,
      "income_before_tax": 184819211000.0
    },
    "balance_sheet": {
      "total_assets": 3992676667000.0,
      "total_current_assets": 1722237632000.0,
      "total_debt": 798354765000.0,
      "short_term_debt": null,
      "long_term_debt": 629650000000.0,
      "total_current_liabilities": 822867707000.0,
      "stockholders_equity": 2314430096000.0,
      "retained_earnings": 2038261537000.0,
      "cash_and_equivalents": 1151589646000.0,
      "inventory": 200118682000.0,
      "accounts_receivable": 213486066000.0
    },
    "cash_flow": {
      "operating_cash_flow": 372169688000.0,
      "capital_expenditure": 262717722000.0,
      "free_cash_flow": 634887410000.0,
      "financing_cash_flow": -19086188000.0,
      "investing_cash_flow": -288073791000.0,
      "dividends_paid": 71308546000.0,
      "change_in_cash": null
    }
  },
  "2021-12-31": {
    "income_statement": {
      "total_revenue": 438189000000.0,
      "net_interest_income": 939000000.0,
      "net_income": 166232000000.0,
      "gross_profit": 230678922000.0,
      "operating_income": 182771954000.0,
      "ebitda": 294629000000.0,
      "research_development": 32239000000.0,
      "selling_general_admin": 15639000000.0,
      "interest_expense": 712000000.0,
      "income_before_tax": 184819000000.0
    },
    "balance_sheet": {
      "total_assets": 3725479503000.0,
      "total_current_assets": 1607072900000.0,
      "total_debt": 753631900000.0,
      "short_term_debt": null,
      "long_term_debt": 610071000000.0,
      "total_current_liabilities": 758352800000.0,
      "stockholders_equity": 2168286553000.0,
      "retained_earnings": 1887802900000.0,
      "cash_and_equivalents": 1064990200000.0,
      "inventory": 193102300000.0,
      "accounts_receivable": 198362900000.0
    },
    "cash_flow": {
      "operating_cash_flow": 378200000000.0,
      "capital_expenditure": 235556000000.0,
      "free_cash_flow": 613756000000.0,
      "financing_cash_flow": 82283000000.0,
      "investing_cash_flow": -245343000000.0,
      "dividends_paid": 71308547000.0,
      "change_in_cash": null
    }
  },
  "2021-09-30": {
    "income_statement": {
      "total_revenue": 414643431000.0,
      "net_interest_income": 1536000000.0,
      "net_income": 134358942000.0,
      "gross_profit": 212746243000.0,
      "operating_income": 171003543000.0,
      "ebitda": 252556021000.0,
      "research_development": 30873376000.0,
      "selling_general_admin": 7826613000.0,
      "interest_expense": 1134399000.0,
      "income_before_tax": 149391075000.0
    },
    "balance_sheet": {
      "total_assets": 3092688800000.0,
      "total_current_assets": 1241104000000.0,
      "total_debt": 623639521000.0,
      "short_term_debt": null,
      "long_term_debt": 459733000000.0,
      "total_current_liabilities": 659558300000.0,
      "stockholders_equity": 1979870900000.0,
      "retained_earnings": 1714407300000.0,
      "cash_and_equivalents": 747982100000.0,
      "inventory": 170438700000.0,
      "accounts_receivable": 179971600000.0
    },
    "cash_flow": {
      "operating_cash_flow": 318706000000.0,
      "capital_expenditure": 188640000000.0,
      "free_cash_flow": 507346000000.0,
      "financing_cash_flow": -35324000000.0,
      "investing_cash_flow": -177020000000.0,
      "dividends_paid": 64826000000.0,
      "change_in_cash": null
    }
  },
  "2021-06-30": {
    "income_statement": {
      "total_revenue": 372145122000.0,
      "net_interest_income": 1466000000.0,
      "net_income": 134358942000.0,
      "gross_profit": 186196818000.0,
      "operating_income": 145667205000.0,
      "ebitda": 252556021000.0,
      "research_development": 30873376000.0,
      "selling_general_admin": 7826613000.0,
      "interest_expense": 1134399000.0,
      "income_before_tax": 149391075000.0
    },
    "balance_sheet": {
      "total_assets": 3092688800000.0,
      "total_current_assets": 1241104000000.0,
      "total_debt": 574047529000.0,
      "short_term_debt": null,
      "long_term_debt": 410465000000.0,
      "total_current_liabilities": 659558300000.0,
      "stockholders_equity": 1979870900000.0,
      "retained_earnings": 1714407300000.0,
      "cash_and_equivalents": 747982100000.0,
      "inventory": 170438700000.0,
      "accounts_receivable": 179971600000.0
    },
    "cash_flow": {
      "operating_cash_flow": 187439494000.0,
      "capital_expenditure": 170513981000.0,
      "free_cash_flow": 357953475000.0,
      "financing_cash_flow": 75030643000.0,
      "investing_cash_flow": -169750986000.0,
      "dividends_paid": 64825951000.0,
      "change_in_cash": null
    }
  },
  "2021-03-31": {
    "income_statement": {
      "total_revenue": 362474441000.0,
      "net_interest_income": 1956000000.0,
      "net_income": 142766434000.0,
      "gross_profit": 189839430000.0,
      "operating_income": 157120174000.0,
      "ebitda": 258093854000.0,
      "research_development": 29940412000.0,
      "selling_general_admin": 6387572000.0,
      "interest_expense": 768582000.0,
      "income_before_tax": 161107361000.0
    },
    "balance_sheet": {
      "total_assets": 2760711405000.0,
      "total_current_assets": 1092185308000.0,
      "total_debt": 389095917000.0,
      "short_term_debt": null,
      "long_term_debt": 276838000000.0,
      "total_current_liabilities": 617151048000.0,
      "stockholders_equity": 1849657256000.0,
      "retained_earnings": 1588686081000.0,
      "cash_and_equivalents": 660170647000.0,
      "inventory": 137353407000.0,
      "accounts_receivable": 146089048000.0
    },
    "cash_flow": {
      "operating_cash_flow": 227815706000.0,
      "capital_expenditure": 249809419000.0,
      "free_cash_flow": 477625125000.0,
      "financing_cash_flow": 14618457000.0,
      "investing_cash_flow": -244251414000.0,
      "dividends_paid": 64825951000.0,
      "change_in_cash": null
    }
  },
  "2020-12-31": {
    "income_statement": {
      "total_revenue": 361580556000.0,
      "net_interest_income": 2240000000.0,
      "net_income": 142766434000.0,
      "gross_profit": 195236325000.0,
      "operating_income": 157120174000.0,
      "ebitda": 259379784000.0,
      "research_development": 29940412000.0,
      "selling_general_admin": 6387572000.0,
      "interest_expense": 768627000.0,
      "income_before_tax": 161107361000.0
    },
    "balance_sheet": {
      "total_assets": 2760711405000.0,
      "total_current_assets": 1092185308000.0,
      "total_debt": 365192370000.0,
      "short_term_debt": null,
      "long_term_debt": 254105000000.0,
      "total_current_liabilities": 617151048000.0,
      "stockholders_equity": 1849657256000.0,
      "retained_earnings": 1588686081000.0,
      "cash_and_equivalents": 660170647000.0,
      "inventory": 137353407000.0,
      "accounts_receivable": 146089048000.0
    },
    "cash_flow": {
      "operating_cash_flow": 259130584000.0,
      "capital_expenditure": 89513159000.0,
      "free_cash_flow": 348643743000.0,
      "financing_cash_flow": -101203795000.0,
      "investing_cash_flow": -90958613000.0,
      "dividends_paid": 64825947000.0,
      "change_in_cash": null
    }
  },
  "2020-09-30": {
    "income_statement": {
      "total_revenue": 356439030000.0,
      "net_interest_income": 4820918000.0,
      "net_income": 137310040000.0,
      "gross_profit": 190493496000.0,
      "operating_income": 150047349000.0,
      "ebitda": 247771320000.0,
      "research_development": 29683751000.0,
      "selling_general_admin": 9272555000.0,
      "interest_expense": 373164000.0,
      "income_before_tax": 155124003000.0
    },
    "balance_sheet": {
      "total_assets": 2635572214000.0,
      "total_current_assets": 1029673918000.0,
      "total_debt": 402586322000.0,
      "short_term_debt": null,
      "long_term_debt": 228027883000.0,
      "total_current_liabilities": 588241723000.0,
      "stockholders_equity": 1787361029000.0,
      "retained_earnings": 1513976388000.0,
      "cash_and_equivalents": 604195113000.0,
      "inventory": 109509486000.0,
      "accounts_receivable": 162618870000.0
    },
    "cash_flow": {
      "operating_cash_flow": 190171227000.0,
      "capital_expenditure": 101720285000.0,
      "free_cash_flow": 291891512000.0,
      "financing_cash_flow": 47434066000.0,
      "investing_cash_flow": -96079669000.0,
      "dividends_paid": 64825953000.0,
      "change_in_cash": null
    }
  }
}