{
  "2025-04-30": {
    "income_statement": {
      "total_revenue": 759043000.0,
      "net_interest_income": null,
      "net_income": 228190000.0,
      "gross_profit": 585219000.0,
      "operating_income": 233732000.0,
      "ebitda": 233732000.0,
      "research_development": 184033000.0,
      "selling_general_admin": 68826000.0,
      "interest_expense": null,
      "income_before_tax": 298821000.0
    },
    "balance_sheet": {
      "total_assets": 7765077000.0,
      "total_current_assets": 6707534000.0,
      "total_debt": 77231000.0,
      "short_term_debt": null,
      "long_term_debt": null,
      "total_current_liabilities": 1456613000.0,
      "stockholders_equity": 6211098000.0,
      "retained_earnings": 3682785000.0,
      "cash_and_equivalents": 1964982000.0,
      "inventory": null,
      "accounts_receivable": 541278000.0
    },
    "cash_flow": {
      "operating_cash_flow": 877158000.0,
      "capital_expenditure": 5910000.0,
      "free_cash_flow": 883068000.0,
      "financing_cash_flow": 20380000.0,
      "investing_cash_flow": -52107000.0,
      "dividends_paid": null,
      "change_in_cash": null
    }
  },
  "2025-01-31": {
    "income_statement": {
      "total_revenue": 720886000.0,
      "net_interest_income": null,
      "net_income": 195625000.0,
      "gross_profit": 539895000.0,
      "operating_income": 188423000.0,
      "ebitda": 198355000.0,
      "research_development": 181527000.0,
      "selling_general_admin": 2815000.0,
      "interest_expense": null,
      "income_before_tax": 245130000.0
    },
    "balance_sheet": {
      "total_assets": 7339756000.0,
      "total_current_assets": 6308802000.0,
      "total_debt": 75775000.0,
      "short_term_debt": null,
      "long_term_debt": null,
      "total_current_liabilities": 1398404000.0,
      "stockholders_equity": 5832373000.0,
      "retained_earnings": 3454595000.0,
      "cash_and_equivalents": 1118785000.0,
      "inventory": null,
      "accounts_receivable": 1057117000.0
    },
    "cash_flow": {
      "operating_cash_flow": 69544000.0,
      "capital_expenditure": 4720000.0,
      "free_cash_flow": 74264000.0,
      "financing_cash_flow": 20811000.0,
      "investing_cash_flow": -15692000.0,
      "dividends_paid": null,
      "change_in_cash": null
    }
  },
  "2024-10-31": {
    "income_statement": {
      "total_revenue": 699207000.0,
      "net_interest_income": null,
      "net_income": 185808000.0,
      "gross_profit": 524818000.0,
      "operating_income": 181353000.0,
      "ebitda": 181353000.0,
      "research_development": 172411000.0,
      "selling_general_admin": 72359000.0,
      "interest_expense": null,
      "income_before_tax": 242290000.0
    },
    "balance_sheet": {
      "total_assets": 6452853000.0,
      "total_current_assets": 5447160000.0,
      "total_debt": 71701000.0,
      "short_term_debt": null,
      "long_term_debt": null,
      "total_current_liabilities": 857001000.0,
      "stockholders_equity": 5501403000.0,
      "retained_earnings": 3258970000.0,
      "cash_and_equivalents": 1044511000.0,
      "inventory": null,
      "accounts_receivable": 301289000.0
    },
    "cash_flow": {
      "operating_cash_flow": 164117000.0,
      "capital_expenditure": 4271000.0,
      "free_cash_flow": 168388000.0,
      "financing_cash_flow": 12960000.0,
      "investing_cash_flow": -298226000.0,
      "dividends_paid": null,
      "change_in_cash": null
    }
  },
  "2024-07-31": {
    "income_statement": {
      "total_revenue": 676181000.0,
      "net_interest_income": null,
      "net_income": 171041000.0,
      "gross_profit": 505809000.0,
      "operating_income": 166487000.0,
      "ebitda": 177507000.0,
      "research_development": 176429000.0,
      "selling_general_admin": 61365000.0,
      "interest_expense": null,
      "income_before_tax": 225060000.0
    },
    "balance_sheet": {
      "total_assets": 6330837000.0,
      "total_current_assets": 5367843000.0,
      "total_debt": 54094000.0,
      "short_term_debt": null,
      "long_term_debt": null,
      "total_current_liabilities": 1070438000.0,
      "stockholders_equity": 5184698000.0,
      "retained_earnings": 3073162000.0,
      "cash_and_equivalents": 1165754000.0,
      "inventory": null,
      "accounts_receivable": 404151000.0
    },
    "cash_flow": {
      "operating_cash_flow": 92874000.0,
      "capital_expenditure": 3052000.0,
      "free_cash_flow": 95926000.0,
      "financing_cash_flow": -11484000.0,
      "investing_cash_flow": -113842000.0,
      "dividends_paid": null,
      "change_in_cash": null
    }
  },
  "2024-04-30": {
    "income_statement": {
      "total_revenue": 650345000.0,
      "net_interest_income": null,
      "net_income": 161664000.0,
      "gross_profit": 476461000.0,
      "operating_income": 155172000.0,
      "ebitda": 163671000.0,
      "research_development": 162711000.0,
      "selling_general_admin": 61277000.0,
      "interest_expense": null,
      "income_before_tax": 206901000.0
    },
    "balance_sheet": {
      "total_assets": 6187558000.0,
      "total_current_assets": 5244948000.0,
      "total_debt": 55743000.0,
      "short_term_debt": null,
      "long_term_debt": null,
      "total_current_liabilities": 1223286000.0,
      "stockholders_equity": 4889381000.0,
      "retained_earnings": 2902121000.0,
      "cash_and_equivalents": 1197196000.0,
      "inventory": null,
      "accounts_receivable": 401091000.0
    },
    "cash_flow": {
      "operating_cash_flow": 763516000.0,
      "capital_expenditure": 8476000.0,
      "free_cash_flow": 771992000.0,
      "financing_cash_flow": 3828000.0,
      "investing_cash_flow": -272378000.0,
      "dividends_paid": null,
      "change_in_cash": null
    }
  },
  "2024-01-31": {
    "income_statement": {
      "total_revenue": 630618000.0,
      "net_interest_income": null,
      "net_income": 147398000.0,
      "gross_profit": 453053000.0,
      "operating_income": 135264000.0,
      "ebitda": 144971000.0,
      "research_development": 163536000.0,
      "selling_general_admin": 58658000.0,
      "interest_expense": 30248000.0,
      "income_before_tax": 182693000.0
    },
    "balance_sheet": {
      "total_assets": 5910920000.0,
      "total_current_assets": 5003211000.0,
      "total_debt": 55775000.0,
      "short_term_debt": null,
      "long_term_debt": null,
      "total_current_liabilities": 1178883000.0,
      "stockholders_equity": 4644824000.0,
      "retained_earnings": 2740457000.0,
      "cash_and_equivalents": 703487000.0,
      "inventory": null,
      "accounts_receivable": 888537000.0
    },
    "cash_flow": {
      "operating_cash_flow": 57769000.0,
      "capital_expenditure": 7735000.0,
      "free_cash_flow": 65504000.0,
      "financing_cash_flow": -10484000.0,
      "investing_cash_flow": -86703000.0,
      "dividends_paid": null,
      "change_in_cash": null
    }
  },
  "2023-10-31": {
    "income_statement": {
      "total_revenue": 616505000.0,
      "net_interest_income": null,
      "net_income": 135158000.0,
      "gross_profit": 448823000.0,
      "operating_income": 128489000.0,
      "ebitda": 136853000.0,
      "research_development": 161278000.0,
      "selling_general_admin": 62283000.0,
      "interest_expense": null,
      "income_before_tax": 170676000.0
    },
    "balance_sheet": {
      "total_assets": 5225772000.0,
      "total_current_assets": 4335758000.0,
      "total_debt": 57666000.0,
      "short_term_debt": null,
      "long_term_debt": null,
      "total_current_liabilities": 768250000.0,
      "stockholders_equity": 4379773000.0,
      "retained_earnings": 2593059000.0,
      "cash_and_equivalents": 743712000.0,
      "inventory": 1.0,
      "accounts_receivable": 300341000.0
    },
    "cash_flow": {
      "operating_cash_flow": 82598000.0,
      "capital_expenditure": 5910000.0,
      "free_cash_flow": 88508000.0,
      "financing_cash_flow": -6889000.0,
      "investing_cash_flow": -73324000.0,
      "dividends_paid": null,
      "change_in_cash": null
    }
  },
  "2023-07-31": {
    "income_statement": {
      "total_revenue": 590225000.0,
      "net_interest_income": null,
      "net_income": 111628000.0,
      "gross_profit": 421207000.0,
      "operating_income": 104049000.0,
      "ebitda": 112136000.0,
      "research_development": 157228000.0,
      "selling_general_admin": 86424000.0,
      "interest_expense": null,
      "income_before_tax": 142875000.0
    },
    "balance_sheet": {
      "total_assets": 5228143000.0,
      "total_current_assets": 4361753000.0,
      "total_debt": 58505000.0,
      "short_term_debt": null,
      "long_term_debt": null,
      "total_current_liabilities": 1001954000.0,
      "stockholders_equity": 4152643000.0,
      "retained_earnings": 2457901000.0,
      "cash_and_equivalents": 742607000.0,
      "inventory": 1.0,
      "accounts_receivable": 416607000.0
    },
    "cash_flow": {
      "operating_cash_flow": 265036000.0,
      "capital_expenditure": 9593000.0,
      "free_cash_flow": 274629000.0,
      "financing_cash_flow": 2577000.0,
      "investing_cash_flow": -618930000.0,
      "dividends_paid": null,
      "change_in_cash": -351317000.0
    }
  },
  "2023-04-30": {
    "income_statement": {
      "total_revenue": 526325000.0,
      "net_interest_income": null,
      "net_income": 131521000.0,
      "gross_profit": 359662000.0,
      "operating_income": 61530000.0,
      "ebitda": 69079000.0,
      "research_development": 146960000.0,
      "selling_general_admin": 82804000.0,
      "interest_expense": 30248000.0,
      "income_before_tax": 91778000.0
    },
    "balance_sheet": {
      "total_assets": 5023370000.0,
      "total_current_assets": 4188134000.0,
      "total_debt": 58228000.0,
      "short_term_debt": null,
      "long_term_debt": null,
      "total_current_liabilities": 1006302000.0,
      "stockholders_equity": 3943063000.0,
      "retained_earnings": 2346273000.0,
      "cash_and_equivalents": 1093634000.0,
      "inventory": 1.0,
      "accounts_receivable": 451010000.0
    },
    "cash_flow": {
      "operating_cash_flow": 505936000.0,
      "capital_expenditure": 2958000.0,
      "free_cash_flow": 508894000.0,
      "financing_cash_flow": -1392000.0,
      "investing_cash_flow": -297394000.0,
      "dividends_paid": null,
      "change_in_cash": 207150000.0
    }
  },
  "2023-01-31": {
    "income_statement": {
      "total_revenue": 563389000.0,
      "net_interest_income": null,
      "net_income": 188533000.0,
      "gross_profit": 399075000.0,
      "operating_income": 108923000.0,
      "ebitda": 116602000.0,
      "research_development": 142538000.0,
      "selling_general_admin": 58565000.0,
      "interest_expense": 26440000.0,
      "income_before_tax": 135363000.0
    },
    "balance_sheet": {
      "total_assets": 4804296000.0,
      "total_current_assets": 3969313000.0,
      "total_debt": 60976000.0,
      "short_term_debt": null,
      "long_term_debt": null,
      "total_current_liabilities": 1006803000.0,
      "stockholders_equity": 3716252000.0,
      "retained_earnings": 2214752000.0,
      "cash_and_equivalents": 886465000.0,
      "inventory": 1.0,
      "accounts_receivable": 785229000.0
    },
    "cash_flow": {
      "operating_cash_flow": 63397000.0,
      "capital_expenditure": 3907000.0,
      "free_cash_flow": 67304000.0,
      "financing_cash_flow": -2241000.0,
      "investing_cash_flow": -39262000.0,
      "dividends_paid": null,
      "change_in_cash": null
    }
  },
  "2022-10-31": {
    "income_statement": {
      "total_revenue": 552351000.0,
      "net_interest_income": null,
      "net_income": 108457000.0,
      "gross_profit": 398444000.0,
      "operating_income": 121404000.0,
      "ebitda": 128561000.0,
      "research_development": 130257000.0,
      "selling_general_admin": 52873000.0,
      "interest_expense": 12458000.0,
      "income_before_tax": 133862000.0
    },
    "balance_sheet": {
      "total_assets": 4182717000.0,
      "total_current_assets": 3386485000.0,
      "total_debt": 61890000.0,
      "short_term_debt": null,
      "long_term_debt": null,
      "total_current_liabilities": 690280000.0,
      "stockholders_equity": 3418792000.0,
      "retained_earnings": 2026219000.0,
      "cash_and_equivalents": 865159000.0,
      "inventory": 1.0,
      "accounts_receivable": 324944000.0
    },
    "cash_flow": {
      "operating_cash_flow": 142660000.0,
      "capital_expenditure": 17000.0,
      "free_cash_flow": 142677000.0,
      "financing_cash_flow": -10543000.0,
      "investing_cash_flow": -405729000.0,
      "dividends_paid": null,
      "change_in_cash": -273612000.0
    }
  },
  "2022-07-31": {
    "income_statement": {
      "total_revenue": 534218000.0,
      "net_interest_income": null,
      "net_income": 90601000.0,
      "gross_profit": 382549000.0,
      "operating_income": 101092000.0,
      "ebitda": 108320000.0,
      "research_development": 134008000.0,
      "selling_general_admin": 57832000.0,
      "interest_expense": 8398000.0,
      "income_before_tax": 109490000.0
    },
    "balance_sheet": {
      "total_assets": 4116583000.0,
      "total_current_assets": 3356142000.0,
      "total_debt": 63472000.0,
      "short_term_debt": null,
      "long_term_debt": null,
      "total_current_liabilities": 799389000.0,
      "stockholders_equity": 3243931000.0,
      "retained_earnings": 1917762000.0,
      "cash_and_equivalents": 1140246000.0,
      "inventory": 1.0,
      "accounts_receivable": 390997000.0
    },
    "cash_flow": {
      "operating_cash_flow": 93386000.0,
      "capital_expenditure": 3000.0,
      "free_cash_flow": 93389000.0,
      "financing_cash_flow": -7884000.0,
      "investing_cash_flow": -184205000.0,
      "dividends_paid": null,
      "change_in_cash": -98703000.0
    }
  },
  "2022-04-30": {
    "income_statement": {
      "total_revenue": 505102000.0,
      "net_interest_income": null,
      "net_income": 100115000.0,
      "gross_profit": 365587000.0,
      "operating_income": 127672000.0,
      "ebitda": 134730000.0,
      "research_development": 113475000.0,
      "selling_general_admin": 48325000.0,
      "interest_expense": 2709000.0,
      "income_before_tax": 130381000.0
    },
    "balance_sheet": {
      "total_assets": 4011222000.0,
      "total_current_assets": 3275295000.0,
      "total_debt": 54068000.0,
      "short_term_debt": null,
      "long_term_debt": null,
      "total_current_liabilities": 878860000.0,
      "stockholders_equity": 3068275000.0,
      "retained_earnings": 1827161000.0,
      "cash_and_equivalents": 1239998000.0,
      "inventory": 1.0,
      "accounts_receivable": 391648000.0
    },
    "cash_flow": {
      "operating_cash_flow": 481027000.0,
      "capital_expenditure": 2333000.0,
      "free_cash_flow": 483360000.0,
      "financing_cash_flow": 1292000.0,
      "investing_cash_flow": -378487000.0,
      "dividends_paid": null,
      "change_in_cash": 103832000.0
    }
  },
  "2022-01-31": {
    "income_statement": {
      "total_revenue": 485499000.0,
      "net_interest_income": null,
      "net_income": 97096000.0,
      "gross_profit": 349618000.0,
      "operating_income": 119718000.0,
      "ebitda": 126759000.0,
      "research_development": 105275000.0,
      "selling_general_admin": 45386000.0,
      "interest_expense": 239000.0,
      "income_before_tax": 119479000.0
    },
    "balance_sheet": {
      "total_assets": 3816465000.0,
      "total_current_assets": 3107183000.0,
      "total_debt": 54588000.0,
      "short_term_debt": null,
      "long_term_debt": null,
      "total_current_liabilities": 840779000.0,
      "stockholders_equity": 2911637000.0,
      "retained_earnings": 1727046000.0,
      "cash_and_equivalents": 1138040000.0,
      "inventory": 1.0,
      "accounts_receivable": 694400000.0
    },
    "cash_flow": {
      "operating_cash_flow": 54054000.0,
      "capital_expenditure": 3919000.0,
      "free_cash_flow": 57973000.0,
      "financing_cash_flow": -10556000.0,
      "investing_cash_flow": -55160000.0,
      "dividends_paid": null,
      "change_in_cash": null
    }
  },
  "2021-10-31": {
    "income_statement": {
      "total_revenue": 476111000.0,
      "net_interest_income": null,
      "net_income": 105869000.0,
      "gross_profit": 346547000.0,
      "operating_income": 132708000.0,
      "ebitda": 139607000.0,
      "research_development": 98635000.0,
      "selling_general_admin": 42781000.0,
      "interest_expense": null,
      "income_before_tax": 133532000.0
    },
    "balance_sheet": {
      "total_assets": 3367486000.0,
      "total_current_assets": 2659795000.0,
      "total_debt": 56040000.0,
      "short_term_debt": null,
      "long_term_debt": null,
      "total_current_liabilities": 536887000.0,
      "stockholders_equity": 2769361000.0,
      "retained_earnings": 1629950000.0,
      "cash_and_equivalents": 1149946000.0,
      "inventory": null,
      "accounts_receivable": 279016000.0
    },
    "cash_flow": {
      "operating_cash_flow": 112959000.0,
      "capital_expenditure": 223000.0,
      "free_cash_flow": 113182000.0,
      "financing_cash_flow": -16046000.0,
      "investing_cash_flow": -10229000.0,
      "dividends_paid": null,
      "change_in_cash": 86684000.0
    }
  },
  "2021-07-31": {
    "income_statement": {
      "total_revenue": 455594000.0,
      "net_interest_income": null,
      "net_income": 108858000.0,
      "gross_profit": 333497000.0,
      "operating_income": 124624000.0,
      "ebitda": 131504000.0,
      "research_development": 94899000.0,
      "selling_general_admin": 42185000.0,
      "interest_expense": null,
      "income_before_tax": 126290000.0
    },
    "balance_sheet": {
      "total_assets": 3351383000.0,
      "total_current_assets": 2631792000.0,
      "total_debt": 58735000.0,
      "short_term_debt": null,
      "long_term_debt": null,
      "total_current_liabilities": 662837000.0,
      "stockholders_equity": 2620097000.0,
      "retained_earnings": 1524081000.0,
      "cash_and_equivalents": 1064731000.0,
      "inventory": 1.0,
      "accounts_receivable": 334719000.0
    },
    "cash_flow": {
      "operating_cash_flow": 119065000.0,
      "capital_expenditure": 104000.0,
      "free_cash_flow": 119169000.0,
      "financing_cash_flow": 5657000.0,
      "investing_cash_flow": -242814000.0,
      "dividends_paid": null,
      "change_in_cash": -118092000.0
    }
  },
  "2021-04-30": {
    "income_statement": {
      "total_revenue": 433573000.0,
      "net_interest_income": null,
      "net_income": 115567000.0,
      "gross_profit": 317437000.0,
      "operating_income": 128446000.0,
      "ebitda": 135074000.0,
      "research_development": 83226000.0,
      "selling_general_admin": 41155000.0,
      "interest_expense": null,
      "income_before_tax": 133010000.0
    },
    "balance_sheet": {
      "total_assets": 3222149000.0,
      "total_current_assets": 2495066000.0,
      "total_debt": 59952000.0,
      "short_term_debt": null,
      "long_term_debt": null,
      "total_current_liabilities": 709546000.0,
      "stockholders_equity": 2444984000.0,
      "retained_earnings": 1415223000.0,
      "cash_and_equivalents": 1184980000.0,
      "inventory": 1.0,
      "accounts_receivable": 313694000.0
    },
    "cash_flow": {
      "operating_cash_flow": 478385000.0,
      "capital_expenditure": 806000.0,
      "free_cash_flow": 479191000.0,
      "financing_cash_flow": 16805000.0,
      "investing_cash_flow": -37949000.0,
      "dividends_paid": null,
      "change_in_cash": 457241000.0
    }
  },
  "2021-01-31": {
    "income_statement": {
      "total_revenue": 396761000.0,
      "net_interest_income": null,
      "net_income": 102918000.0,
      "gross_profit": 282914000.0,
      "operating_income": 98843000.0,
      "ebitda": 105578000.0,
      "research_development": 81938000.0,
      "selling_general_admin": 40028000.0,
      "interest_expense": null,
      "income_before_tax": 105292000.0
    },
    "balance_sheet": {
      "total_assets": 3046067000.0,
      "total_current_assets": 2310826000.0,
      "total_debt": 63118000.0,
      "short_term_debt": null,
      "long_term_debt": null,
      "total_current_liabilities": 715952000.0,
      "stockholders_equity": 2266320000.0,
      "retained_earnings": 1299656000.0,
      "cash_and_equivalents": 730504000.0,
      "inventory": null,
      "accounts_receivable": 611593000.0
    },
    "cash_flow": {
      "operating_cash_flow": 68351000.0,
      "capital_expenditure": 227000.0,
      "free_cash_flow": 68578000.0,
      "financing_cash_flow": 8993000.0,
      "investing_cash_flow": 21093000.0,
      "dividends_paid": null,
      "change_in_cash": 98437000.0
    }
  },
  "2020-10-31": {
    "income_statement": {
      "total_revenue": 377519000.0,
      "net_interest_income": null,
      "net_income": 96959000.0,
      "gross_profit": 274522000.0,
      "operating_income": 101305000.0,
      "ebitda": 108830000.0,
      "research_development": 79992000.0,
      "selling_general_admin": 35243000.0,
      "interest_expense": null,
      "income_before_tax": 104760000.0
    },
    "balance_sheet": {
      "total_assets": 2583641000.0,
      "total_current_assets": 1852997000.0,
      "total_debt": 59015000.0,
      "short_term_debt": null,
      "long_term_debt": null,
      "total_current_liabilities": 417392000.0,
      "stockholders_equity": 2106379000.0,
      "retained_earnings": 1196738000.0,
      "cash_and_equivalents": 634265000.0,
      "inventory": 1.0,
      "accounts_receivable": 236670000.0
    },
    "cash_flow": {
      "operating_cash_flow": 95403000.0,
      "capital_expenditure": 697000.0,
      "free_cash_flow": 96100000.0,
      "financing_cash_flow": 6265000.0,
      "investing_cash_flow": -262586000.0,
      "dividends_paid": null,
      "change_in_cash": -160918000.0
    }
  },
  "2020-07-31": {
    "income_statement": {
      "total_revenue": 353683000.0,
      "net_interest_income": null,
      "net_income": 93551000.0,
      "gross_profit": 256479000.0,
      "operating_income": 90081000.0,
      "ebitda": 97398000.0,
      "research_development": 70053000.0,
      "selling_general_admin": 37173000.0,
      "interest_expense": null,
      "income_before_tax": 92962000.0
    },
    "balance_sheet": {
      "total_assets": 2516409000.0,
      "total_current_assets": 1785432000.0,
      "total_debt": 57305000.0,
      "short_term_debt": null,
      "long_term_debt": null,
      "total_current_liabilities": 501482000.0,
      "stockholders_equity": 1956727000.0,
      "retained_earnings": 1099779000.0,
      "cash_and_equivalents": 795782000.0,
      "inventory": 1.0,
      "accounts_receivable": 257453000.0
    },
    "cash_flow": {
      "operating_cash_flow": 105320000.0,
      "capital_expenditure": 184000.0,
      "free_cash_flow": 105504000.0,
      "financing_cash_flow": 9027000.0,
      "investing_cash_flow": -43932000.0,
      "dividends_paid": null,
      "change_in_cash": 70415000.0
    }
  }
}