{
  "2025-06-30": {
    "income_statement": {
      "total_revenue": 2638100000.0,
      "net_interest_income": null,
      "net_income": 324200000.0,
      "gross_profit": 896600000.0,
      "operating_income": 421100000.0,
      "ebitda": null,
      "research_development": null,
      "selling_general_admin": 395600000.0,
      "interest_expense": 23600000.0,
      "income_before_tax": 421100000.0
    },
    "balance_sheet": {
      "total_assets": 10406200000.0,
      "total_current_assets": 6302000000.0,
      "total_debt": 224100000.0,
      "short_term_debt": null,
      "long_term_debt": 2900500000.0,
      "total_current_liabilities": 3614500000.0,
      "stockholders_equity": 3125400000.0,
      "retained_earnings": 222000000.0,
      "cash_and_equivalents": 1640800000.0,
      "inventory": 1413300000.0,
      "accounts_receivable": 2831000000.0
    },
    "cash_flow": {
      "operating_cash_flow": 626792558.0,
      "capital_expenditure": 81500000.0,
      "free_cash_flow": 708292558.0,
      "financing_cash_flow": -32900000.0,
      "investing_cash_flow": -182800000.0,
      "dividends_paid": 28400000.0,
      "change_in_cash": null
    }
  },
  "2025-03-31": {
    "income_statement": {
      "total_revenue": 2036000000.0,
      "net_interest_income": null,
      "net_income": 164500000.0,
      "gross_profit": 686500000.0,
      "operating_income": 290700000.0,
      "ebitda": 362300000.0,
      "research_development": null,
      "selling_general_admin": 346300000.0,
      "interest_expense": 25300000.0,
      "income_before_tax": 265400000.0
    },
    "balance_sheet": {
      "total_assets": 9451100000.0,
      "total_current_assets": 5461700000.0,
      "total_debt": 3144000000.0,
      "short_term_debt": null,
      "long_term_debt": 2904100000.0,
      "total_current_liabilities": 3184000000.0,
      "stockholders_equity": 2666400000.0,
      "retained_earnings": -88000000.0,
      "cash_and_equivalents": 1467300000.0,
      "inventory": 1383500000.0,
      "accounts_receivable": 2310500000.0
    },
    "cash_flow": {
      "operating_cash_flow": 303300000.0,
      "capital_expenditure": 36500000.0,
      "free_cash_flow": 339800000.0,
      "financing_cash_flow": -24900000.0,
      "investing_cash_flow": -38800000.0,
      "dividends_paid": 14200000.0,
      "change_in_cash": null
    }
  },
  "2024-12-31": {
    "income_statement": {
      "total_revenue": 2346400000.0,
      "net_interest_income": null,
      "net_income": 147000000.0,
      "gross_profit": 870200000.0,
      "operating_income": 457200000.0,
      "ebitda": 346900000.0,
      "research_development": 352100000.0,
      "selling_general_admin": 361600000.0,
      "interest_expense": 30700000.0,
      "income_before_tax": 245200000.0
    },
    "balance_sheet": {
      "total_assets": 9132500000.0,
      "total_current_assets": 5101800000.0,
      "total_debt": 3145300000.0,
      "short_term_debt": null,
      "long_term_debt": 2907200000.0,
      "total_current_liabilities": 3097000000.0,
      "stockholders_equity": 2434300000.0,
      "retained_earnings": -238300000.0,
      "cash_and_equivalents": 1227600000.0,
      "inventory": 1244400000.0,
      "accounts_receivable": 2362700000.0
    },
    "cash_flow": {
      "operating_cash_flow": 425200000.0,
      "capital_expenditure": 60700000.0,
      "free_cash_flow": 485900000.0,
      "financing_cash_flow": -11700000.0,
      "investing_cash_flow": -81000000.0,
      "dividends_paid": 14100000.0,
      "change_in_cash": null
    }
  },
  "2024-09-30": {
    "income_statement": {
      "total_revenue": 2073500000.0,
      "net_interest_income": null,
      "net_income": 176600000.0,
      "gross_profit": 756400000.0,
      "operating_income": 371600000.0,
      "ebitda": 373300000.0,
      "research_development": null,
      "selling_general_admin": 334600000.0,
      "interest_expense": 35900000.0,
      "income_before_tax": 268500000.0
    },
    "balance_sheet": {
      "total_assets": 8891400000.0,
      "total_current_assets": 4804600000.0,
      "total_debt": 3127300000.0,
      "short_term_debt": null,
      "long_term_debt": 2909600000.0,
      "total_current_liabilities": 3489200000.0,
      "stockholders_equity": 1813700000.0,
      "retained_earnings": -371200000.0,
      "cash_and_equivalents": 908700000.0,
      "inventory": 1255200000.0,
      "accounts_receivable": 2328500000.0
    },
    "cash_flow": {
      "operating_cash_flow": 378200000.0,
      "capital_expenditure": 39200000.0,
      "free_cash_flow": 417400000.0,
      "financing_cash_flow": -16800000.0,
      "investing_cash_flow": -39200000.0,
      "dividends_paid": 9400000.0,
      "change_in_cash": null
    }
  },
  "2024-06-30": {
    "income_statement": {
      "total_revenue": 1952800000.0,
      "net_interest_income": null,
      "net_income": 178100000.0,
      "gross_profit": 741200000.0,
      "operating_income": 336000000.0,
      "ebitda": 377900000.0,
      "research_development": null,
      "selling_general_admin": 363800000.0,
      "interest_expense": 44800000.0,
      "income_before_tax": 264700000.0
    },
    "balance_sheet": {
      "total_assets": 8108300000.0,
      "total_current_assets": 4191400000.0,
      "total_debt": 3128200000.0,
      "short_term_debt": null,
      "long_term_debt": 2913700000.0,
      "total_current_liabilities": 3079800000.0,
      "stockholders_equity": 1537500000.0,
      "retained_earnings": -538400000.0,
      "cash_and_equivalents": 587700000.0,
      "inventory": 1103700000.0,
      "accounts_receivable": 2218800000.0
    },
    "cash_flow": {
      "operating_cash_flow": 378400000.0,
      "capital_expenditure": 45000000.0,
      "free_cash_flow": 423400000.0,
      "financing_cash_flow": -20500000.0,
      "investing_cash_flow": -45000000.0,
      "dividends_paid": 9400000.0,
      "change_in_cash": null
    }
  },
  "2024-03-31": {
    "income_statement": {
      "total_revenue": 1639100000.0,
      "net_interest_income": null,
      "net_income": -5900000.0,
      "gross_profit": 566400000.0,
      "operating_income": 202600000.0,
      "ebitda": 94700000.0,
      "research_development": null,
      "selling_general_admin": 314000000.0,
      "interest_expense": 39000000.0,
      "income_before_tax": -13000000.0
    },
    "balance_sheet": {
      "total_assets": 7591400000.0,
      "total_current_assets": 3631800000.0,
      "total_debt": 3135200000.0,
      "short_term_debt": null,
      "long_term_debt": 2916100000.0,
      "total_current_liabilities": 2709900000.0,
      "stockholders_equity": 1393400000.0,
      "retained_earnings": -707100000.0,
      "cash_and_equivalents": 280500000.0,
      "inventory": 987100000.0,
      "accounts_receivable": 2097100000.0
    },
    "cash_flow": {
      "operating_cash_flow": 137500000.0,
      "capital_expenditure": 36500000.0,
      "free_cash_flow": 174000000.0,
      "financing_cash_flow": -603100000.0,
      "investing_cash_flow": -36500000.0,
      "dividends_paid": 9300000.0,
      "change_in_cash": null
    }
  },
  "2023-12-31": {
    "income_statement": {
      "total_revenue": 1865400000.0,
      "net_interest_income": null,
      "net_income": 232600000.0,
      "gross_profit": 683400000.0,
      "operating_income": 285200000.0,
      "ebitda": 361900000.0,
      "research_development": 303500000.0,
      "selling_general_admin": 348800000.0,
      "interest_expense": 42900000.0,
      "income_before_tax": 187300000.0
    },
    "balance_sheet": {
      "total_assets": 7998500000.0,
      "total_current_assets": 4001500000.0,
      "total_debt": 3126400000.0,
      "short_term_debt": null,
      "long_term_debt": 2919100000.0,
      "total_current_liabilities": 2305400000.0,
      "stockholders_equity": 2014900000.0,
      "retained_earnings": -691900000.0,
      "cash_and_equivalents": 780400000.0,
      "inventory": 884300000.0,
      "accounts_receivable": 2185200000.0
    },
    "cash_flow": {
      "operating_cash_flow": 356200000.0,
      "capital_expenditure": 51100000.0,
      "free_cash_flow": 407300000.0,
      "financing_cash_flow": -10800000.0,
      "investing_cash_flow": -68000000.0,
      "dividends_paid": 9500000.0,
      "change_in_cash": null
    }
  },
  "2023-09-30": {
    "income_statement": {
      "total_revenue": 1742600000.0,
      "net_interest_income": null,
      "net_income": 94100000.0,
      "gross_profit": 627600000.0,
      "operating_income": 250900000.0,
      "ebitda": 323100000.0,
      "research_development": null,
      "selling_general_admin": 327200000.0,
      "interest_expense": 43500000.0,
      "income_before_tax": 145800000.0
    },
    "balance_sheet": {
      "total_assets": 7414300000.0,
      "total_current_assets": 3621000000.0,
      "total_debt": 3070800000.0,
      "short_term_debt": null,
      "long_term_debt": 2923100000.0,
      "total_current_liabilities": 2101500000.0,
      "stockholders_equity": 1713900000.0,
      "retained_earnings": -915000000.0,
      "cash_and_equivalents": 500000000.0,
      "inventory": 921700000.0,
      "accounts_receivable": 2020700000.0
    },
    "cash_flow": {
      "operating_cash_flow": 248700000.0,
      "capital_expenditure": 27400000.0,
      "free_cash_flow": 276100000.0,
      "financing_cash_flow": 7200000.0,
      "investing_cash_flow": -27400000.0,
      "dividends_paid": 12600000.0,
      "change_in_cash": null
    }
  },
  "2023-06-30": {
    "income_statement": {
      "total_revenue": 1734100000.0,
      "net_interest_income": null,
      "net_income": 83200000.0,
      "gross_profit": 594000000.0,
      "operating_income": 205800000.0,
      "ebitda": 289700000.0,
      "research_development": null,
      "selling_general_admin": 327600000.0,
      "interest_expense": 46900000.0,
      "income_before_tax": 112900000.0
    },
    "balance_sheet": {
      "total_assets": 7256600000.0,
      "total_current_assets": 3378300000.0,
      "total_debt": 3076800000.0,
      "short_term_debt": null,
      "long_term_debt": 2927400000.0,
      "total_current_liabilities": 2055500000.0,
      "stockholders_equity": 1658100000.0,
      "retained_earnings": -1009100000.0,
      "cash_and_equivalents": 274900000.0,
      "inventory": 920200000.0,
      "accounts_receivable": 2022600000.0
    },
    "cash_flow": {
      "operating_cash_flow": 253600000.0,
      "capital_expenditure": 26300000.0,
      "free_cash_flow": 279900000.0,
      "financing_cash_flow": -225100000.0,
      "investing_cash_flow": -26300000.0,
      "dividends_paid": 5400000.0,
      "change_in_cash": 2200000.0
    }
  },
  "2023-03-31": {
    "income_statement": {
      "total_revenue": 1521100000.0,
      "net_interest_income": null,
      "net_income": 50300000.0,
      "gross_profit": 495500000.0,
      "operating_income": 130300000.0,
      "ebitda": 201100000.0,
      "research_development": null,
      "selling_general_admin": 308700000.0,
      "interest_expense": 46800000.0,
      "income_before_tax": 87700000.0
    },
    "balance_sheet": {
      "total_assets": 7255400000.0,
      "total_current_assets": 3340600000.0,
      "total_debt": 3355000000.0,
      "short_term_debt": null,
      "long_term_debt": 3156000000.0,
      "total_current_liabilities": 1971600000.0,
      "stockholders_equity": 1550800000.0,
      "retained_earnings": -1092300000.0,
      "cash_and_equivalents": 276100000.0,
      "inventory": 903500000.0,
      "accounts_receivable": 1991900000.0
    },
    "cash_flow": {
      "operating_cash_flow": 42000000.0,
      "capital_expenditure": 29800000.0,
      "free_cash_flow": 71800000.0,
      "financing_cash_flow": -18800000.0,
      "investing_cash_flow": -17400000.0,
      "dividends_paid": 2100000.0,
      "change_in_cash": 5800000.0
    }
  },
  "2022-12-31": {
    "income_statement": {
      "total_revenue": 1654600000.0,
      "net_interest_income": null,
      "net_income": 26600000.0,
      "gross_profit": 511700000.0,
      "operating_income": 162400000.0,
      "ebitda": 231700000.0,
      "research_development": 282000000.0,
      "selling_general_admin": 303300000.0,
      "interest_expense": 45800000.0,
      "income_before_tax": 83500000.0
    },
    "balance_sheet": {
      "total_assets": 7095700000.0,
      "total_current_assets": 3158700000.0,
      "total_debt": 3322900000.0,
      "short_term_debt": null,
      "long_term_debt": 3169100000.0,
      "total_current_liabilities": 1897900000.0,
      "stockholders_equity": 1441900000.0,
      "retained_earnings": -1142600000.0,
      "cash_and_equivalents": 260600000.0,
      "inventory": 822000000.0,
      "accounts_receivable": 1888800000.0
    },
    "cash_flow": {
      "operating_cash_flow": 180700000.0,
      "capital_expenditure": 41300000.0,
      "free_cash_flow": 222000000.0,
      "financing_cash_flow": -144500000.0,
      "investing_cash_flow": -112100000.0,
      "dividends_paid": 3800000.0,
      "change_in_cash": null
    }
  },
  "2022-09-30": {
    "income_statement": {
      "total_revenue": 1481100000.0,
      "net_interest_income": null,
      "net_income": 21200000.0,
      "gross_profit": 429300000.0,
      "operating_income": 80000000.0,
      "ebitda": 154400000.0,
      "research_development": null,
      "selling_general_admin": 295200000.0,
      "interest_expense": 38800000.0,
      "income_before_tax": 31400000.0
    },
    "balance_sheet": {
      "total_assets": 6827000000.0,
      "total_current_assets": 2973800000.0,
      "total_debt": 3245600000.0,
      "short_term_debt": null,
      "long_term_debt": 3223800000.0,
      "total_current_liabilities": 1838400000.0,
      "stockholders_equity": 1267100000.0,
      "retained_earnings": -1165400000.0,
      "cash_and_equivalents": 258000000.0,
      "inventory": 804300000.0,
      "accounts_receivable": 1743800000.0
    },
    "cash_flow": {
      "operating_cash_flow": 4400000.0,
      "capital_expenditure": 24800000.0,
      "free_cash_flow": 29200000.0,
      "financing_cash_flow": 91200000.0,
      "investing_cash_flow": -24800000.0,
      "dividends_paid": 3800000.0,
      "change_in_cash": null
    }
  },
  "2022-06-30": {
    "income_statement": {
      "total_revenue": 1399400000.0,
      "net_interest_income": null,
      "net_income": 20300000.0,
      "gross_profit": 371500000.0,
      "operating_income": 26200000.0,
      "ebitda": 106900000.0,
      "research_development": null,
      "selling_general_admin": 287600000.0,
      "interest_expense": 33400000.0,
      "income_before_tax": 31700000.0
    },
    "balance_sheet": {
      "total_assets": 6827100000.0,
      "total_current_assets": 2813600000.0,
      "total_debt": 3181000000.0,
      "short_term_debt": null,
      "long_term_debt": 3117500000.0,
      "total_current_liabilities": 1820400000.0,
      "stockholders_equity": 1351700000.0,
      "retained_earnings": -1186600000.0,
      "cash_and_equivalents": 194400000.0,
      "inventory": 794600000.0,
      "accounts_receivable": 1676200000.0
    },
    "cash_flow": {
      "operating_cash_flow": -205700000.0,
      "capital_expenditure": 26700000.0,
      "free_cash_flow": -179000000.0,
      "financing_cash_flow": 155000000.0,
      "investing_cash_flow": -31700000.0,
      "dividends_paid": null,
      "change_in_cash": -82400000.0
    }
  },
  "2022-03-31": {
    "income_statement": {
      "total_revenue": 1156400000.0,
      "net_interest_income": null,
      "net_income": 8500000.0,
      "gross_profit": 303600000.0,
      "operating_income": -45700000.0,
      "ebitda": 33500000.0,
      "research_development": null,
      "selling_general_admin": 292200000.0,
      "interest_expense": 29300000.0,
      "income_before_tax": 20400000.0
    },
    "balance_sheet": {
      "total_assets": 6911000000.0,
      "total_current_assets": 2724000000.0,
      "total_debt": 2968100000.0,
      "short_term_debt": null,
      "long_term_debt": 2946300000.0,
      "total_current_liabilities": 1903800000.0,
      "stockholders_equity": 1454100000.0,
      "retained_earnings": -1206900000.0,
      "cash_and_equivalents": 288500000.0,
      "inventory": 774500000.0,
      "accounts_receivable": 1534300000.0
    },
    "cash_flow": {
      "operating_cash_flow": -132200000.0,
      "capital_expenditure": 18200000.0,
      "free_cash_flow": -114000000.0,
      "financing_cash_flow": -1500000.0,
      "investing_cash_flow": -18200000.0,
      "dividends_paid": null,
      "change_in_cash": -151900000.0
    }
  },
  "2021-12-31": {
    "income_statement": {
      "total_revenue": 1410500000.0,
      "net_interest_income": null,
      "net_income": 22000000.0,
      "gross_profit": 373700000.0,
      "operating_income": -3900000.0,
      "ebitda": 108600000.0,
      "research_development": 266400000.0,
      "selling_general_admin": 329400000.0,
      "interest_expense": 24100000.0,
      "income_before_tax": 21600000.0
    },
    "balance_sheet": {
      "total_assets": 6939600000.0,
      "total_current_assets": 2698600000.0,
      "total_debt": 2972300000.0,
      "short_term_debt": null,
      "long_term_debt": 2950500000.0,
      "total_current_liabilities": 1854800000.0,
      "stockholders_equity": 1417700000.0,
      "retained_earnings": -1215400000.0,
      "cash_and_equivalents": 439100000.0,
      "inventory": 616300000.0,
      "accounts_receivable": 1536400000.0
    },
    "cash_flow": {
      "operating_cash_flow": 36500000.0,
      "capital_expenditure": 31800000.0,
      "free_cash_flow": 68300000.0,
      "financing_cash_flow": 828400000.0,
      "investing_cash_flow": -1170100000.0,
      "dividends_paid": 3800000.0,
      "change_in_cash": -305200000.0
    }
  },
  "2021-09-30": {
    "income_statement": {
      "total_revenue": 1228900000.0,
      "net_interest_income": null,
      "net_income": 56200000.0,
      "gross_profit": 381700000.0,
      "operating_income": 81800000.0,
      "ebitda": 143000000.0,
      "research_development": null,
      "selling_general_admin": 257800000.0,
      "interest_expense": 22400000.0,
      "income_before_tax": 91900000.0
    },
    "balance_sheet": {
      "total_assets": 5261700000.0,
      "total_current_assets": 2861500000.0,
      "total_debt": 2140200000.0,
      "short_term_debt": null,
      "long_term_debt": 2118400000.0,
      "total_current_liabilities": 1646800000.0,
      "stockholders_equity": 785700000.0,
      "retained_earnings": -1233600000.0,
      "cash_and_equivalents": 743600000.0,
      "inventory": 577400000.0,
      "accounts_receivable": 1386100000.0
    },
    "cash_flow": {
      "operating_cash_flow": 54400000.0,
      "capital_expenditure": 17000000.0,
      "free_cash_flow": 71400000.0,
      "financing_cash_flow": -5200000.0,
      "investing_cash_flow": -10900000.0,
      "dividends_paid": 3800000.0,
      "change_in_cash": 38300000.0
    }
  },
  "2021-06-30": {
    "income_statement": {
      "total_revenue": 1260300000.0,
      "net_interest_income": null,
      "net_income": 9700000.0,
      "gross_profit": 409300000.0,
      "operating_income": 102200000.0,
      "ebitda": 160900000.0,
      "research_development": null,
      "selling_general_admin": 271700000.0,
      "interest_expense": 20000000.0,
      "income_before_tax": 11000000.0
    },
    "balance_sheet": {
      "total_assets": 5332000000.0,
      "total_current_assets": 2849400000.0,
      "total_debt": 2144600000.0,
      "short_term_debt": null,
      "long_term_debt": 2122800000.0,
      "total_current_liabilities": 1710800000.0,
      "stockholders_equity": 743700000.0,
      "retained_earnings": -1289800000.0,
      "cash_and_equivalents": 708800000.0,
      "inventory": 551400000.0,
      "accounts_receivable": 1374000000.0
    },
    "cash_flow": {
      "operating_cash_flow": 59300000.0,
      "capital_expenditure": 17900000.0,
      "free_cash_flow": 77200000.0,
      "financing_cash_flow": -11200000.0,
      "investing_cash_flow": -17900000.0,
      "dividends_paid": 3800000.0,
      "change_in_cash": 30200000.0
    }
  },
  "2021-03-31": {
    "income_statement": {
      "total_revenue": 1098400000.0,
      "net_interest_income": null,
      "net_income": 31700000.0,
      "gross_profit": 358000000.0,
      "operating_income": 79800000.0,
      "ebitda": 127100000.0,
      "research_development": null,
      "selling_general_admin": 250100000.0,
      "interest_expense": 24100000.0,
      "income_before_tax": 41700000.0
    },
    "balance_sheet": {
      "total_assets": 5161400000.0,
      "total_current_assets": 2666200000.0,
      "total_debt": 2148900000.0,
      "short_term_debt": null,
      "long_term_debt": 2126900000.0,
      "total_current_liabilities": 1645400000.0,
      "stockholders_equity": 728700000.0,
      "retained_earnings": -1299500000.0,
      "cash_and_equivalents": 677200000.0,
      "inventory": 511100000.0,
      "accounts_receivable": 1294500000.0
    },
    "cash_flow": {
      "operating_cash_flow": 60700000.0,
      "capital_expenditure": 17900000.0,
      "free_cash_flow": 78600000.0,
      "financing_cash_flow": 102900000.0,
      "investing_cash_flow": -17900000.0,
      "dividends_paid": 3300000.0,
      "change_in_cash": 145700000.0
    }
  },
  "2020-12-31": {
    "income_statement": {
      "total_revenue": 1305500000.0,
      "net_interest_income": null,
      "net_income": 74900000.0,
      "gross_profit": 427200000.0,
      "operating_income": 130300000.0,
      "ebitda": 183000000.0,
      "research_development": 228600000.0,
      "selling_general_admin": 1008000000.0,
      "interest_expense": 25000000.0,
      "income_before_tax": 95100000.0
    },
    "balance_sheet": {
      "total_assets": 5073800000.0,
      "total_current_assets": 2518800000.0,
      "total_debt": 2152500000.0,
      "short_term_debt": null,
      "long_term_debt": 2130500000.0,
      "total_current_liabilities": 1673100000.0,
      "stockholders_equity": 668300000.0,
      "retained_earnings": -1187500000.0,
      "cash_and_equivalents": 534600000.0,
      "inventory": 446600000.0,
      "accounts_receivable": 1354400000.0
    },
    "cash_flow": {
      "operating_cash_flow": 194500000.0,
      "capital_expenditure": 26500000.0,
      "free_cash_flow": 221000000.0,
      "financing_cash_flow": 28400000.0,
      "investing_cash_flow": -19500000.0,
      "dividends_paid": 3300000.0,
      "change_in_cash": null
    }
  },
  "2020-09-30": {
    "income_statement": {
      "total_revenue": 1162000000.0,
      "net_interest_income": null,
      "net_income": -15800000.0,
      "gross_profit": 413000000.0,
      "operating_income": 128800000.0,
      "ebitda": 178100000.0,
      "research_development": null,
      "selling_general_admin": 251700000.0,
      "interest_expense": 26400000.0,
      "income_before_tax": 8700000.0
    },
    "balance_sheet": {
      "total_assets": 4771700000.0,
      "total_current_assets": 2251100000.0,
      "total_debt": 2275900000.0,
      "short_term_debt": null,
      "long_term_debt": 2234800000.0,
      "total_current_liabilities": 1601600000.0,
      "stockholders_equity": 371700000.0,
      "retained_earnings": -1259100000.0,
      "cash_and_equivalents": 324300000.0,
      "inventory": 465500000.0,
      "accounts_receivable": 1288700000.0
    },
    "cash_flow": {
      "operating_cash_flow": 138400000.0,
      "capital_expenditure": 9100000.0,
      "free_cash_flow": 147500000.0,
      "financing_cash_flow": -181200000.0,
      "investing_cash_flow": -9100000.0,
      "dividends_paid": null,
      "change_in_cash": null
    }
  }
}